%% This BibTeX bibliography file was created using BibDesk.
%% http://bibdesk.sourceforge.net/


%% Created for Brad Cownden at 2019-12-21 14:24:48 -0600 


%% Saved with string encoding Unicode (UTF-8) 



@article{1106.2339,
	Archiveprefix = {arXiv},
	Author = {Garfinkle, David and Pando Zayas, Leopoldo A.},
	Doi = {10.1103/PhysRevD.84.066006},
	Eprint = {1106.2339},
	Journal = {Phys. Rev.},
	Pages = {066006},
	Primaryclass = {hep-th},
	Reportnumber = {MCTP-11-23},
	Slaccitation = {%%CITATION = ARXIV:1106.2339;%%},
	Title = {{Rapid Thermalization in Field Theory from Gravitational Collapse}},
	Volume = {D84},
	Year = {2011},
	Bdsk-Url-1 = {http://dx.doi.org/10.1103/PhysRevD.84.066006}}

@article{1110.5823,
	Archiveprefix = {arXiv},
	Author = {Garfinkle, David and Pando Zayas, Leopoldo A. and Reichmann, Dori},
	Doi = {10.1007/JHEP02(2012)119},
	Eprint = {1110.5823},
	Journal = {JHEP},
	Pages = {119},
	Primaryclass = {hep-th},
	Reportnumber = {MCTP-11-37},
	Slaccitation = {%%CITATION = ARXIV:1110.5823;%%},
	Title = {{On Field Theory Thermalization from Gravitational Collapse}},
	Volume = {02},
	Year = {2012},
	Bdsk-Url-1 = {http://dx.doi.org/10.1007/JHEP02(2012)119}}

@article{1403.6471,
	Archiveprefix = {arXiv},
	Author = {Balasubramanian, Venkat and Buchel, Alex and Green, Stephen R. and Lehner, Luis and Liebling, Steven L.},
	Doi = {10.1103/PhysRevLett.113.071601},
	Eprint = {1403.6471},
	Journal = {Phys. Rev. Lett.},
	Number = {7},
	Pages = {071601},
	Primaryclass = {hep-th},
	Reportnumber = {UWO-TH-14-2},
	Slaccitation = {%%CITATION = ARXIV:1403.6471;%%},
	Title = {{Holographic Thermalization, Stability of Anti--de Sitter Space, and the Fermi-Pasta-Ulam Paradox}},
	Volume = {113},
	Year = {2014},
	Bdsk-Url-1 = {http://dx.doi.org/10.1103/PhysRevLett.113.071601}}

@article{1407.6273,
	Archiveprefix = {arXiv},
	Author = {Craps, Ben and Evnin, Oleg and Vanhoof, Joris},
	Doi = {10.1007/JHEP10(2014)048},
	Eprint = {1407.6273},
	Journal = {JHEP},
	Pages = {048},
	Primaryclass = {gr-qc},
	Slaccitation = {%%CITATION = ARXIV:1407.6273;%%},
	Title = {{Renormalization group, secular term resummation and AdS (in)stability}},
	Volume = {10},
	Year = {2014},
	Bdsk-Url-1 = {http://dx.doi.org/10.1007/JHEP10(2014)048}}

@article{1410.1880,
	Archiveprefix = {arXiv},
	Author = {Dimitrakopoulos, Fotios V. and Freivogel, Ben and Lippert, Matthew and Yang, I-Sheng},
	Doi = {10.1007/JHEP08(2015)077},
	Eprint = {1410.1880},
	Journal = {JHEP},
	Pages = {077},
	Primaryclass = {hep-th},
	Slaccitation = {%%CITATION = ARXIV:1410.1880;%%},
	Title = {{Position space analysis of the AdS (in)stability problem}},
	Volume = {08},
	Year = {2015},
	Bdsk-Url-1 = {http://dx.doi.org/10.1007/JHEP08(2015)077}}

@article{1412.4761,
	Archiveprefix = {arXiv},
	Author = {Buchel, Alex and Green, Stephen R. and Lehner, Luis and Liebling, Steve L.},
	Doi = {10.1103/PhysRevD.91.064026},
	Eprint = {1412.4761},
	Journal = {Phys. Rev.},
	Number = {6},
	Pages = {064026},
	Primaryclass = {gr-qc},
	Slaccitation = {%%CITATION = ARXIV:1412.4761;%%},
	Title = {{Conserved quantities and dual turbulent cascades in anti--de Sitter spacetime}},
	Volume = {D91},
	Year = {2015},
	Bdsk-Url-1 = {http://dx.doi.org/10.1103/PhysRevD.91.064026}}

@article{1412.3249,
	Archiveprefix = {arXiv},
	Author = {Craps, Ben and Evnin, Oleg and Vanhoof, Joris},
	Doi = {10.1007/JHEP01(2015)108},
	Eprint = {1412.3249},
	Journal = {JHEP},
	Pages = {108},
	Primaryclass = {gr-qc},
	Slaccitation = {%%CITATION = ARXIV:1412.3249;%%},
	Title = {{Renormalization, averaging, conservation laws and AdS (in)stability}},
	Volume = {01},
	Year = {2015},
	Bdsk-Url-1 = {http://dx.doi.org/10.1007/JHEP01(2015)108}}

@article{1507.02684,
	Archiveprefix = {arXiv},
	Author = {Dimitrakopoulos, Fotios and Yang, I-Sheng},
	Doi = {10.1103/PhysRevD.92.083013},
	Eprint = {1507.02684},
	Journal = {Phys. Rev.},
	Number = {8},
	Pages = {083013},
	Primaryclass = {hep-th},
	Slaccitation = {%%CITATION = ARXIV:1507.02684;%%},
	Title = {{Conditionally extended validity of perturbation theory: Persistence of AdS stability islands}},
	Volume = {D92},
	Year = {2015},
	Bdsk-Url-1 = {http://dx.doi.org/10.1103/PhysRevD.92.083013}}

@article{1507.08261,
	Archiveprefix = {arXiv},
	Author = {Green, Stephen R. and Maillard, Antoine and Lehner, Luis and Liebling, Steven L.},
	Doi = {10.1103/PhysRevD.92.084001},
	Eprint = {1507.08261},
	Journal = {Phys. Rev.},
	Number = {8},
	Pages = {084001},
	Primaryclass = {gr-qc},
	Slaccitation = {%%CITATION = ARXIV:1507.08261;%%},
	Title = {{Islands of stability and recurrence times in AdS}},
	Volume = {D92},
	Year = {2015},
	Bdsk-Url-1 = {http://dx.doi.org/10.1103/PhysRevD.92.084001}}

@article{1508.04943,
	Archiveprefix = {arXiv},
	Author = {Craps, Ben and Evnin, Oleg and Vanhoof, Joris},
	Doi = {10.1007/JHEP10(2015)079},
	Eprint = {1508.04943},
	Journal = {JHEP},
	Pages = {079},
	Primaryclass = {gr-qc},
	Slaccitation = {%%CITATION = ARXIV:1508.04943;%%},
	Title = {{Ultraviolet asymptotics and singular dynamics of AdS perturbations}},
	Volume = {10},
	Year = {2015},
	Bdsk-Url-1 = {http://dx.doi.org/10.1007/JHEP10(2015)079}}

@article{1508.05474,
	Archiveprefix = {arXiv},
	Author = {Craps, Ben and Evnin, Oleg and Jai-akson, Puttarak and Vanhoof, Joris},
	Doi = {10.1007/JHEP10(2015)080},
	Eprint = {1508.05474},
	Journal = {JHEP},
	Pages = {080},
	Primaryclass = {gr-qc},
	Slaccitation = {%%CITATION = ARXIV:1508.05474;%%},
	Title = {{Ultraviolet asymptotics for quasiperiodic AdS$_{4}$ perturbations}},
	Volume = {10},
	Year = {2015},
	Bdsk-Url-1 = {http://dx.doi.org/10.1007/JHEP10(2015)080}}

@article{1304.4166,
	Archiveprefix = {arXiv},
	Author = {Buchel, Alex and Liebling, Steven L. and Lehner, Luis},
	Doi = {10.1103/PhysRevD.87.123006},
	Eprint = {1304.4166},
	Journal = {Phys. Rev.},
	Number = {12},
	Pages = {123006},
	Primaryclass = {gr-qc},
	Reportnumber = {UWO-TH-13-5},
	Slaccitation = {%%CITATION = ARXIV:1304.4166;%%},
	Title = {{Boson stars in AdS spacetime}},
	Volume = {D87},
	Year = {2013},
	Bdsk-Url-1 = {http://dx.doi.org/10.1103/PhysRevD.87.123006}}

@article{1308.1235,
	Archiveprefix = {arXiv},
	Author = {Maliborski, Maciej and Rostworowski, Andrzej},
	Booktitle = {{Proceedings, Spring School on Numerical Relativity and High Energy Physics (NR/HEP2): Lisbon, Portugal, March 11-14, 2013}},
	Doi = {10.1142/S0217751X13400204},
	Eprint = {1308.1235},
	Journal = {Int. J. Mod. Phys.},
	Pages = {1340020},
	Primaryclass = {gr-qc},
	Slaccitation = {%%CITATION = ARXIV:1308.1235;%%},
	Title = {{Lecture Notes on Turbulent Instability of Anti-de Sitter Spacetime}},
	Volume = {A28},
	Year = {2013},
	Bdsk-Url-1 = {http://dx.doi.org/10.1142/S0217751X13400204}}

@article{1607.08094,
	Archiveprefix = {arXiv},
	Author = {Dimitrakopoulos, Fotios V. and Freivogel, Ben and Pedraza, Juan F. and Yang, I-Sheng},
	Doi = {10.1103/PhysRevD.94.124008},
	Eprint = {1607.08094},
	Journal = {Phys. Rev.},
	Number = {12},
	Pages = {124008},
	Primaryclass = {hep-th},
	Slaccitation = {%%CITATION = ARXIV:1607.08094;%%},
	Title = {{Gauge dependence of the AdS instability problem}},
	Volume = {D94},
	Year = {2016},
	Bdsk-Url-1 = {http://dx.doi.org/10.1103/PhysRevD.94.124008}}

@article{1412.6002,
	Archiveprefix = {arXiv},
	Author = {da Silva, Emilia and Lopez, Esperanza and Mas, Javier and Serantes, Alexandre},
	Doi = {10.1007/JHEP04(2015)038},
	Eprint = {1412.6002},
	Journal = {JHEP},
	Pages = {038},
	Primaryclass = {hep-th},
	Slaccitation = {%%CITATION = ARXIV:1412.6002;%%},
	Title = {{Collapse and Revival in Holographic Quenches}},
	Volume = {04},
	Year = {2015},
	Bdsk-Url-1 = {http://dx.doi.org/10.1007/JHEP04(2015)038}}

@article{1608.05402,
	Archiveprefix = {arXiv},
	Author = {Deppe, Nils and Kolly, Allison and Frey, Andrew R. and Kunstatter, Gabor},
	Doi = {10.1007/JHEP10(2016)087},
	Eprint = {1608.05402},
	Journal = {JHEP},
	Pages = {087},
	Primaryclass = {hep-th},
	Slaccitation = {%%CITATION = ARXIV:1608.05402;%%},
	Title = {{Black Hole Formation in AdS Einstein-Gauss-Bonnet Gravity}},
	Volume = {10},
	Year = {2016},
	Bdsk-Url-1 = {http://dx.doi.org/10.1007/JHEP10(2016)087}}

@article{1410.1869,
	Archiveprefix = {arXiv},
	Author = {Deppe, Nils and Kolly, Allison and Frey, Andrew and Kunstatter, Gabor},
	Doi = {10.1103/PhysRevLett.114.071102},
	Eprint = {1410.1869},
	Journal = {Phys. Rev. Lett.},
	Pages = {071102},
	Primaryclass = {hep-th},
	Slaccitation = {%%CITATION = ARXIV:1410.1869;%%},
	Title = {{Stability of AdS in Einstein Gauss Bonnet Gravity}},
	Volume = {114},
	Year = {2015},
	Bdsk-Url-1 = {http://dx.doi.org/10.1103/PhysRevLett.114.071102}}

@article{1606.00830,
	Archiveprefix = {arXiv},
	Author = {Arias, Ra{\'u}l and Mas, Javier and Serantes, Alexandre},
	Doi = {10.1007/JHEP09(2016)024},
	Eprint = {1606.00830},
	Journal = {JHEP},
	Pages = {024},
	Primaryclass = {hep-th},
	Slaccitation = {%%CITATION = ARXIV:1606.00830;%%},
	Title = {{Stability of charged global AdS$_{4}$ spacetimes}},
	Volume = {09},
	Year = {2016},
	Bdsk-Url-1 = {http://dx.doi.org/10.1007/JHEP09(2016)024}}

@article{1504.05203,
	Archiveprefix = {arXiv},
	Author = {Okawa, Hirotada and Lopes, Jorge C. and Cardoso, Vitor},
	Eprint = {1504.05203},
	Primaryclass = {gr-qc},
	Slaccitation = {%%CITATION = ARXIV:1504.05203;%%},
	Title = {{Collapse of massive fields in anti-de Sitter spacetime}},
	Year = {2015}}

@article{1508.02709,
	Archiveprefix = {arXiv},
	Author = {Deppe, Nils and Frey, Andrew R.},
	Doi = {10.1007/JHEP12(2015)004},
	Eprint = {1508.02709},
	Journal = {JHEP},
	Pages = {004},
	Primaryclass = {hep-th},
	Slaccitation = {%%CITATION = ARXIV:1508.02709;%%},
	Title = {{Classes of Stable Initial Data for Massless and Massive Scalars in Anti-de Sitter Spacetime}},
	Volume = {12},
	Year = {2015},
	Bdsk-Url-1 = {http://dx.doi.org/10.1007/JHEP12(2015)004}}

@article{hep-th/0202189,
	Archiveprefix = {arXiv},
	Author = {Hubeny, Veronika E. and Rangamani, Mukund},
	Doi = {10.1088/1126-6708/2002/05/027},
	Eprint = {hep-th/0202189},
	Journal = {JHEP},
	Pages = {027},
	Primaryclass = {hep-th},
	Reportnumber = {SU-ITP-02-08, PUPT-2026},
	Slaccitation = {%%CITATION = HEP-TH/0202189;%%},
	Title = {{Unstable horizons}},
	Volume = {05},
	Year = {2002},
	Bdsk-Url-1 = {http://dx.doi.org/10.1088/1126-6708/2002/05/027}}

@article{1502.01574,
	Archiveprefix = {arXiv},
	Author = {Buchel, Alex and Lehner, Luis},
	Doi = {10.1088/0264-9381/32/14/145003},
	Eprint = {1502.01574},
	Journal = {Class. Quant. Grav.},
	Number = {14},
	Pages = {145003},
	Primaryclass = {hep-th},
	Slaccitation = {%%CITATION = ARXIV:1502.01574;%%},
	Title = {{Small black holes in $AdS_5\times S^5$}},
	Volume = {32},
	Year = {2015},
	Bdsk-Url-1 = {http://dx.doi.org/10.1088/0264-9381/32/14/145003}}

@article{1509.07780,
	Archiveprefix = {arXiv},
	Author = {Buchel, Alex},
	Doi = {10.1142/S0218271817501401},
	Eprint = {1509.07780},
	Journal = {Int. J. Mod. Phys.},
	Number = {13},
	Pages = {1750140},
	Primaryclass = {hep-th},
	Slaccitation = {%%CITATION = ARXIV:1509.07780;%%},
	Title = {{Universality of small black hole instability in AdS/CFT}},
	Volume = {D26},
	Year = {2017},
	Bdsk-Url-1 = {http://dx.doi.org/10.1142/S0218271817501401}}

@article{1509.00774,
	Archiveprefix = {arXiv},
	Author = {Buchel, Alex and Buchel, Michael},
	Eprint = {1509.00774},
	Primaryclass = {hep-th},
	Reportnumber = {INT-PUB-15-045},
	Slaccitation = {%%CITATION = ARXIV:1509.00774;%%},
	Title = {{On stability of nonthermal states in strongly coupled gauge theories}},
	Year = {2015}}

@article{Dimitrakopoulos:2016euh,
	Archiveprefix = {arXiv},
	Author = {Dimitrakopoulos, Fotios V. and Freivogel, Ben and Pedraza, Juan F.},
	Doi = {10.1088/1361-6382/aac0b5},
	Eprint = {1612.04758},
	Journal = {Class. Quant. Grav.},
	Number = {12},
	Pages = {125008},
	Primaryclass = {hep-th},
	Slaccitation = {%%CITATION = ARXIV:1612.04758;%%},
	Title = {{Fast and Slow Coherent Cascades in Anti-de Sitter Spacetime}},
	Volume = {35},
	Year = {2018},
	Bdsk-Url-1 = {http://dx.doi.org/10.1088/1361-6382/aac0b5}}

@article{Buchel:2014dba,
	Archiveprefix = {arXiv},
	Author = {Buchel, Alex and Green, Stephen R. and Lehner, Luis and Liebling, Steven L.},
	Eprint = {1410.5381},
	Primaryclass = {hep-th},
	Slaccitation = {%%CITATION = ARXIV:1410.5381;%%},
	Title = {{Universality of non-equilibrium dynamics of CFTs from holography}},
	Year = {2014}}

@article{Liebling:2017gfn,
	Archiveprefix = {arXiv},
	Author = {Liebling, Steven L. and Khanna, Gaurav},
	Doi = {10.1088/1361-6382/aa8b43},
	Eprint = {1706.07413},
	Journal = {Class. Quant. Grav.},
	Number = {20},
	Pages = {205012},
	Primaryclass = {gr-qc},
	Slaccitation = {%%CITATION = ARXIV:1706.07413;%%},
	Title = {{Scalar collapse in AdS with an OpenCL open source code}},
	Volume = {34},
	Year = {2017},
	Bdsk-Url-1 = {http://dx.doi.org/10.1088/1361-6382/aa8b43}}

@article{Santos-Olivan:2016djn,
	Archiveprefix = {arXiv},
	Author = {Santos-Oliv{\'a}n, Daniel and Sopuerta, Carlos F.},
	Doi = {10.1103/PhysRevD.93.104002},
	Eprint = {1603.03613},
	Journal = {Phys. Rev.},
	Number = {10},
	Pages = {104002},
	Primaryclass = {gr-qc},
	Slaccitation = {%%CITATION = ARXIV:1603.03613;%%},
	Title = {{Moving closer to the collapse of a massless scalar field in spherically symmetric anti--de Sitter spacetimes}},
	Volume = {D93},
	Year = {2016},
	Bdsk-Url-1 = {http://dx.doi.org/10.1103/PhysRevD.93.104002}}

@article{hep-th/9905111,
	Archiveprefix = {arXiv},
	Author = {Aharony, Ofer and Gubser, Steven S. and Maldacena, Juan Martin and Ooguri, Hirosi and Oz, Yaron},
	Doi = {10.1016/S0370-1573(99)00083-6},
	Eprint = {hep-th/9905111},
	Journal = {Phys. Rept.},
	Pages = {183-386},
	Primaryclass = {hep-th},
	Reportnumber = {CERN-TH-99-122, HUTP-99-A027, LBNL-43113, RU-99-18, UCB-PTH-99-16, LBL-43113},
	Slaccitation = {%%CITATION = HEP-TH/9905111;%%},
	Title = {{Large N field theories, string theory and gravity}},
	Volume = {323},
	Year = {2000},
	Bdsk-Url-1 = {http://dx.doi.org/10.1016/S0370-1573(99)00083-6}}

@book{Nastase:2015wjb,
	Author = {Nastase, Horatiu},
	Isbn = {9781107085855},
	Publisher = {Cambridge University Press},
	Slaccitation = {%%CITATION = INSPIRE-1415011;%%},
	Title = {{Introduction to the ADS/CFT Correspondence}},
	Url = {http://www.cambridge.org/academic/subjects/physics/theoretical-physics-and-mathematical-physics/introduction-adscft-correspondence?format=HB&isbn=9781107085855},
	Year = {2015},
	Bdsk-Url-1 = {http://www.cambridge.org/academic/subjects/physics/theoretical-physics-and-mathematical-physics/introduction-adscft-correspondence?format=HB&isbn=9781107085855}}

@article{Brady1997,
	Archiveprefix = {arXiv},
	Author = {Brady, Patrick R. and Chambers, Chris M. and Goncalves, Sergio M. C. V.},
	Doi = {10.1103/PhysRevD.56.R6057},
	Eprint = {gr-qc/9709014},
	Journal = {Phys. Rev.},
	Pages = {6057-6061},
	Primaryclass = {gr-qc},
	Reportnumber = {GRP-475},
	Slaccitation = {%%CITATION = GR-QC/9709014;%%},
	Title = {{Phases of massive scalar field collapse}},
	Volume = {D56},
	Year = {1997},
	Bdsk-Url-1 = {http://dx.doi.org/10.1103/PhysRevD.56.R6057}}

@article{Evnin:2015gma,
	Archiveprefix = {arXiv},
	Author = {Evnin, Oleg and Krishnan, Chethan},
	Doi = {10.1103/PhysRevD.91.126010},
	Eprint = {1502.03749},
	Journal = {Phys. Rev.},
	Number = {12},
	Pages = {126010},
	Primaryclass = {hep-th},
	Slaccitation = {%%CITATION = ARXIV:1502.03749;%%},
	Title = {{A Hidden Symmetry of AdS Resonances}},
	Volume = {D91},
	Year = {2015},
	Bdsk-Url-1 = {http://dx.doi.org/10.1103/PhysRevD.91.126010}}

@article{Basu:2014sia,
	Archiveprefix = {arXiv},
	Author = {Basu, Pallab and Krishnan, Chethan and Saurabh, Ayush},
	Doi = {10.1142/S0217751X15501286},
	Eprint = {1408.0624},
	Journal = {Int. J. Mod. Phys.},
	Number = {21},
	Pages = {1550128},
	Primaryclass = {hep-th},
	Slaccitation = {%%CITATION = ARXIV:1408.0624;%%},
	Title = {{A stochasticity threshold in holography and the instability of AdS}},
	Volume = {A30},
	Year = {2015},
	Bdsk-Url-1 = {http://dx.doi.org/10.1142/S0217751X15501286}}

@article{1708.05600,
	Archiveprefix = {arXiv},
	Author = {Martinon, Gr\'egoire},
	Eprint = {1708.05600},
	Primaryclass = {gr-qc},
	Slaccitation = {%%CITATION = ARXIV:1708.05600;%%},
	Title = {{The instability of anti-de Sitter space-time}},
	Year = {2017}}

@article{1209.2378,
	Archiveprefix = {arXiv},
	Author = {Hu, Sanle and Liu, James T. and Pando Zayas, Leopoldo A.},
	Eprint = {1209.2378},
	Primaryclass = {hep-th},
	Slaccitation = {%%CITATION = ARXIV:1209.2378;%%},
	Title = {{Charged Boson Stars in AdS and a Zero Temperature Phase Transition}},
	Year = {2012}}

@article{hep-ph/9503217,
	Archiveprefix = {arXiv},
	Author = {Copeland, Edmund J. and Gleiser, M. and Muller, H. -R.},
	Doi = {10.1103/PhysRevD.52.1920},
	Eprint = {hep-ph/9503217},
	Journal = {Phys. Rev.},
	Pages = {1920-1933},
	Primaryclass = {hep-ph},
	Reportnumber = {SUSX-TH-95-3-3, FERMILAB-PUB-95-021-A, DART-HEP-95-01},
	Slaccitation = {%%CITATION = HEP-PH/9503217;%%},
	Title = {{Oscillons: Resonant configurations during bubble collapse}},
	Volume = {D52},
	Year = {1995},
	Bdsk-Url-1 = {http://dx.doi.org/10.1103/PhysRevD.52.1920}}

@article{1701.09100,
	Archiveprefix = {arXiv},
	Author = {Martinon, Gr\'egoire and Fodor, Gyula and Grandcl\'ement, Philippe and Forg\`acs, P\'eter},
	Doi = {10.1088/1361-6382/aa6f48},
	Eprint = {1701.09100},
	Journal = {Class. Quant. Grav.},
	Number = {12},
	Pages = {125012},
	Primaryclass = {gr-qc},
	Slaccitation = {%%CITATION = ARXIV:1701.09100;%%},
	Title = {{Gravitational geons in asymptotically anti-de Sitter spacetimes}},
	Volume = {34},
	Year = {2017},
	Bdsk-Url-1 = {http://dx.doi.org/10.1088/1361-6382/aa6f48}}

@article{gr-qc/0310006,
	Archiveprefix = {arXiv},
	Author = {Page, Don N.},
	Doi = {10.1103/PhysRevD.70.023002},
	Eprint = {gr-qc/0310006},
	Journal = {Phys. Rev.},
	Pages = {023002},
	Primaryclass = {gr-qc},
	Reportnumber = {ALBERTA-THY-10-03},
	Slaccitation = {%%CITATION = GR-QC/0310006;%%},
	Title = {{Classical and quantum decay of oscillatons: Oscillating selfgravitating real scalar field solitons}},
	Volume = {D70},
	Year = {2004},
	Bdsk-Url-1 = {http://dx.doi.org/10.1103/PhysRevD.70.023002}}

@article{1612.04758,
	Archiveprefix = {arXiv},
	Author = {Dimitrakopoulos, Fotios V. and Freivogel, Ben and Pedraza, Juan F.},
	Eprint = {1612.04758},
	Primaryclass = {hep-th},
	Slaccitation = {%%CITATION = ARXIV:1612.04758;%%},
	Title = {{Fast and Slow Coherent Cascades in Anti-de Sitter Spacetime}},
	Year = {2016}}

@article{1705.03065,
	Archiveprefix = {arXiv},
	Author = {Dias, \'{O}scar J. C. and Santos, Jorge E.},
	Eprint = {1705.03065},
	Primaryclass = {hep-th},
	Slaccitation = {%%CITATION = ARXIV:1705.03065;%%},
	Title = {{AdS nonlinear instability: breaking spherical and axial symmetries}},
	Year = {2017}}

@article{1706.06101,
	Archiveprefix = {arXiv},
	Author = {Choptuik, Matthew W. and Dias, \'{O}scar J. C. and Santos, Jorge E. and Way, Benson},
	Doi = {10.1103/PhysRevLett.119.191104},
	Eprint = {1706.06101},
	Journal = {Phys. Rev. Lett.},
	Number = {19},
	Pages = {191104},
	Primaryclass = {hep-th},
	Slaccitation = {%%CITATION = ARXIV:1706.06101;%%},
	Title = {{Collapse and Nonlinear Instability of AdS Space with Angular Momentum}},
	Volume = {119},
	Year = {2017},
	Bdsk-Url-1 = {http://dx.doi.org/10.1103/PhysRevLett.119.191104}}

@article{1408.0624,
	Archiveprefix = {arXiv},
	Author = {Basu, Pallab and Krishnan, Chethan and Saurabh, Ayush},
	Doi = {10.1142/S0217751X15501286},
	Eprint = {1408.0624},
	Journal = {Int. J. Mod. Phys.},
	Number = {21},
	Pages = {1550128},
	Primaryclass = {hep-th},
	Slaccitation = {%%CITATION = ARXIV:1408.0624;%%},
	Title = {{A stochasticity threshold in holography and the instability of AdS}},
	Volume = {A30},
	Year = {2015},
	Bdsk-Url-1 = {http://dx.doi.org/10.1142/S0217751X15501286}}

@article{1303.3186,
	Archiveprefix = {arXiv},
	Author = {Maliborski, Maciej and Rostworowski, Andrzej},
	Doi = {10.1103/PhysRevLett.111.051102},
	Eprint = {1303.3186},
	Journal = {Phys. Rev. Lett.},
	Pages = {051102},
	Primaryclass = {gr-qc},
	Slaccitation = {%%CITATION = ARXIV:1303.3186;%%},
	Title = {{Time-Periodic Solutions in an Einstein AdS-Massless-Scalar-Field System}},
	Volume = {111},
	Year = {2013},
	Bdsk-Url-1 = {http://dx.doi.org/10.1103/PhysRevLett.111.051102}}

@article{1711.00454,
	Archiveprefix = {arXiv},
	Author = {Cownden, Brad and Deppe, Nils and Frey, Andrew R.},
	Eprint = {1711.00454},
	Primaryclass = {hep-th},
	Slaccitation = {%%CITATION = ARXIV:1711.00454;%%},
	Title = {{Phase Diagram of Stability for Massive Scalars in Anti-de Sitter Spacetime}},
	Year = {2017}}

@article{1210.0890,
	Archiveprefix = {arXiv},
	Author = {Buchel, Alex and Lehner, Luis and Liebling, Steven L.},
	Doi = {10.1103/PhysRevD.86.123011},
	Eprint = {1210.0890},
	Journal = {Phys. Rev.},
	Pages = {123011},
	Primaryclass = {gr-qc},
	Reportnumber = {UWO-TH-12-10},
	Slaccitation = {%%CITATION = ARXIV:1210.0890;%%},
	Title = {{Scalar Collapse in AdS}},
	Volume = {D86},
	Year = {2012},
	Bdsk-Url-1 = {http://dx.doi.org/10.1103/PhysRevD.86.123011}}

@article{1312.5544,
	Archiveprefix = {arXiv},
	Author = {Bizo\'n, Piotr},
	Booktitle = {{Proceedings, 20th International Conference on General Relativity and Gravitation and 10th Amaldi Conference on Gravitational Waves (GR20 / Amaldi10): The First Century of General Relativity: Warsaw, Poland, July 7-13, 2013}},
	Doi = {10.1007/s10714-014-1724-0},
	Eprint = {1312.5544},
	Journal = {Gen. Rel. Grav.},
	Number = {5},
	Pages = {1724},
	Primaryclass = {gr-qc},
	Slaccitation = {%%CITATION = ARXIV:1312.5544;%%},
	Title = {{Is AdS stable?}},
	Volume = {46},
	Year = {2014},
	Bdsk-Url-1 = {http://dx.doi.org/10.1007/s10714-014-1724-0}}

@article{1208.5772,
	Archiveprefix = {arXiv},
	Author = {Dias, \'{O}scar J. C. and Horowitz, Gary T. and Marolf, Don and Santos, Jorge E.},
	Doi = {10.1088/0264-9381/29/23/235019},
	Eprint = {1208.5772},
	Journal = {Class. Quant. Grav.},
	Pages = {235019},
	Primaryclass = {gr-qc},
	Slaccitation = {%%CITATION = ARXIV:1208.5772;%%},
	Title = {{On the Nonlinear Stability of Asymptotically Anti-de Sitter Solutions}},
	Volume = {29},
	Year = {2012},
	Bdsk-Url-1 = {http://dx.doi.org/10.1088/0264-9381/29/23/235019}}

@article{1403.5434,
	Archiveprefix = {arXiv},
	Author = {Maliborski, Maciej and Rostworowski, Andrzej},
	Doi = {10.1103/PhysRevD.89.124006},
	Eprint = {1403.5434},
	Journal = {Phys. Rev.},
	Number = {12},
	Pages = {124006},
	Primaryclass = {gr-qc},
	Slaccitation = {%%CITATION = ARXIV:1403.5434;%%},
	Title = {{What drives AdS spacetime unstable?}},
	Volume = {D89},
	Year = {2014},
	Bdsk-Url-1 = {http://dx.doi.org/10.1103/PhysRevD.89.124006}}

@article{1602.03890,
	Archiveprefix = {arXiv},
	Author = {Dias, \'{O}scar and Santos, Jorge E.},
	Doi = {10.1088/0264-9381/33/23/23LT01},
	Eprint = {1602.03890},
	Journal = {Class. Quant. Grav.},
	Number = {23},
	Pages = {23LT01},
	Primaryclass = {hep-th},
	Slaccitation = {%%CITATION = ARXIV:1602.03890;%%},
	Title = {{AdS nonlinear instability: moving beyond spherical symmetry}},
	Volume = {33},
	Year = {2016},
	Bdsk-Url-1 = {http://dx.doi.org/10.1088/0264-9381/33/23/23LT01}}

@article{1706.07413,
	Archiveprefix = {arXiv},
	Author = {Liebling, Steven L. and Khanna, Gaurav},
	Doi = {10.1088/1361-6382/aa8b43},
	Eprint = {1706.07413},
	Journal = {Class. Quant. Grav.},
	Number = {20},
	Pages = {205012},
	Primaryclass = {gr-qc},
	Slaccitation = {%%CITATION = ARXIV:1706.07413;%%},
	Title = {{Scalar collapse in AdS with an OpenCL open source code}},
	Volume = {34},
	Year = {2017},
	Bdsk-Url-1 = {http://dx.doi.org/10.1088/1361-6382/aa8b43}}

@article{1510.02592,
	Archiveprefix = {arXiv},
	Author = {Ja\l{}mu\.{z}na, Joanna and Gundlach, Carsten and Chmaj, Tadeusz},
	Doi = {10.1103/PhysRevD.92.124044},
	Eprint = {1510.02592},
	Journal = {Phys. Rev.},
	Number = {12},
	Pages = {124044},
	Primaryclass = {gr-qc},
	Slaccitation = {%%CITATION = ARXIV:1510.02592;%%},
	Title = {{Scalar field critical collapse in 2+1 dimensions}},
	Volume = {D92},
	Year = {2015},
	Bdsk-Url-1 = {http://dx.doi.org/10.1103/PhysRevD.92.124044}}

@book{NR:3,
	Address = {New York, NY, USA},
	Author = {Press, William H. and Teukolsky, Saul A. and Vetterling, William T. and Flannery, Brian P.},
	Edition = {3},
	Isbn = {0521880688, 9780521880688},
	Publisher = {Cambridge University Press},
	Title = {Numerical Recipes 3rd Edition: The Art of Scientific Computing},
	Year = {2007}}

@book{abramowitz70a,
	Added-At = {2007-06-15T17:33:15.000+0200},
	Address = {{New York}},
	Author = {Abramowitz, M. and Stegun, I.},
	Interhash = {d7f7d450050e154485d29fcc1effaff8},
	Intrahash = {6c1f513c3f766352636278fd18bac6a4},
	Keywords = {imported},
	Publisher = {{Dover Publications Inc.}},
	Timestamp = {2007-06-15T17:33:16.000+0200},
	Title = {{Handbook of mathematical functions}},
	Year = 1970}

@article{1810.04753,
	Archiveprefix = {arXiv},
	Author = {Biasi, Anxo and Craps, Ben and Evnin, Oleg},
	Eprint = {1810.04753},
	Primaryclass = {hep-th},
	Slaccitation = {%%CITATION = ARXIV:1810.04753;%%},
	Title = {{Energy returns in global AdS$_4$}},
	Year = {2018}}

@book{Nastase,
	Author = {N\u{a}stase, Hora\c{t}iu},
	Isbn = {9781107085855, 9781316355305},
	Publisher = {Cambridge University Press},
	Slaccitation = {%%CITATION = INSPIRE-1415011;%%},
	Title = {{Introduction to the ADS/CFT Correspondence}},
	Url = {http://www.cambridge.org/academic/subjects/physics/theoretical-physics-and-mathematical-physics/introduction-adscft-correspondence?format=HB&isbn=9781107085855},
	Year = {2015},
	Bdsk-Url-1 = {http://www.cambridge.org/academic/subjects/physics/theoretical-physics-and-mathematical-physics/introduction-adscft-correspondence?format=HB&isbn=9781107085855}}

@article{hep-th/9506161,
	Archiveprefix = {arXiv},
	Author = {Chen, Lin-Yuan and Goldenfeld, Nigel and Oono, Y.},
	Doi = {10.1103/PhysRevE.54.376},
	Eprint = {hep-th/9506161},
	Journal = {Phys. Rev.},
	Pages = {376-394},
	Primaryclass = {hep-th},
	Slaccitation = {%%CITATION = HEP-TH/9506161;%%},
	Title = {{The Renormalization group and singular perturbations: Multiple scales, boundary layers and reductive perturbation theory}},
	Volume = {E54},
	Year = {1996},
	Bdsk-Url-1 = {http://dx.doi.org/10.1103/PhysRevE.54.376}}

@article{Breitenlohner:1982bm,
	Author = {Breitenlohner, Peter and Freedman, Daniel Z.},
	Doi = {10.1016/0370-2693(82)90643-8},
	Journal = {Phys. Lett.},
	Pages = {197-201},
	Reportnumber = {PRINT-82-0420 (MIT)},
	Slaccitation = {%%CITATION = PHLTA,B115,197;%%},
	Title = {{Positive Energy in Anti-de Sitter Backgrounds and Gauged Extended Supergravity}},
	Volume = {B115},
	Year = {1982},
	Bdsk-Url-1 = {http://dx.doi.org/10.1016/0370-2693(82)90643-8}}

@article{TTF,
	Author = {Cownden, Brad and Deppe, Nils and Frey, Andrew R.},
	Journal = {{\rm (2020)}},
	Title = {{\rm In preparation}}}

@article{1606.02712,
	Archiveprefix = {arXiv},
	Author = {Deppe, Nils},
	Doi = {10.1103/PhysRevD.100.124028},
	Eprint = {1606.02712},
	Journal = {Phys. Rev.},
	Number = {12},
	Pages = {124028},
	Primaryclass = {gr-qc},
	Slaccitation = {%%CITATION = ARXIV:1606.02712;%%},
	Title = {{On the stability of anti-de Sitter spacetime}},
	Volume = {D100},
	Year = {2019},
	Bdsk-Url-1 = {http://dx.doi.org/10.1103/PhysRevD.100.124028}}

@article{1109.1825,
	Archiveprefix = {arXiv},
	Author = {Dias, \'{O}scar J. C. and Horowitz, Gary T. and Santos, Jorge E.},
	Doi = {10.1088/0264-9381/29/19/194002},
	Eprint = {1109.1825},
	Journal = {Class. Quant. Grav.},
	Pages = {194002},
	Primaryclass = {hep-th},
	Slaccitation = {%%CITATION = ARXIV:1109.1825;%%},
	Title = {{Gravitational Turbulent Instability of Anti-de Sitter Space}},
	Volume = {29},
	Year = {2012},
	Bdsk-Url-1 = {http://dx.doi.org/10.1088/0264-9381/29/19/194002}}

@article{1306.0317,
	Archiveprefix = {arXiv},
	Author = {Bizo\'n, Piotr and Ja\l{}mu\.{z}na, Joanna},
	Doi = {10.1103/PhysRevLett.111.041102},
	Eprint = {1306.0317},
	Journal = {Phys. Rev. Lett.},
	Number = {4},
	Pages = {041102},
	Primaryclass = {gr-qc},
	Slaccitation = {%%CITATION = ARXIV:1306.0317;%%},
	Title = {{Globally regular instability of $AdS_3$}},
	Volume = {111},
	Year = {2013},
	Bdsk-Url-1 = {http://dx.doi.org/10.1103/PhysRevLett.111.041102}}

@article{1307.2875,
	Archiveprefix = {arXiv},
	Author = {Maliborski, Maciej and Rostworowski, Andrzej},
	Eprint = {1307.2875},
	Primaryclass = {gr-qc},
	Slaccitation = {%%CITATION = ARXIV:1307.2875;%%},
	Title = {{A comment on ``Boson stars in AdS"}},
	Year = {2013}}

@article{1506.03519,
	Archiveprefix = {arXiv},
	Author = {Bizo\'n, Piotr and Maliborski, Maciej and Rostworowski, Andrzej},
	Doi = {10.1103/PhysRevLett.115.081103},
	Eprint = {1506.03519},
	Journal = {Phys. Rev. Lett.},
	Number = {8},
	Pages = {081103},
	Primaryclass = {gr-qc},
	Slaccitation = {%%CITATION = ARXIV:1506.03519;%%},
	Title = {{Resonant Dynamics and the Instability of Anti-de Sitter Spacetime}},
	Volume = {115},
	Year = {2015},
	Bdsk-Url-1 = {http://dx.doi.org/10.1103/PhysRevLett.115.081103}}

@article{1510.07836,
	Archiveprefix = {arXiv},
	Author = {Craps, Ben and Evnin, Oleg},
	Booktitle = {{Proceedings, The String Theory Universe, 21st European String Workshop and 3rd COST MP1210 Meeting: Leuven, Belgium, September 7-11, 2015}},
	Doi = {10.1002/prop.201500067},
	Eprint = {1510.07836},
	Journal = {Fortsch. Phys.},
	Pages = {336-344},
	Primaryclass = {gr-qc},
	Slaccitation = {%%CITATION = ARXIV:1510.07836;%%},
	Title = {{AdS (in)stability: an analytic approach}},
	Volume = {64},
	Year = {2016},
	Bdsk-Url-1 = {http://dx.doi.org/10.1002/prop.201500067}}

@article{1602.03535,
	Archiveprefix = {arXiv},
	Author = {Brito, Richard and Cardoso, Vitor and Rocha, Jorge V.},
	Doi = {10.1103/PhysRevD.94.024003},
	Eprint = {1602.03535},
	Journal = {Phys. Rev.},
	Number = {2},
	Pages = {024003},
	Primaryclass = {hep-th},
	Slaccitation = {%%CITATION = ARXIV:1602.03535;%%},
	Title = {{Interacting shells in AdS spacetime and chaos}},
	Volume = {D94},
	Year = {2016},
	Bdsk-Url-1 = {http://dx.doi.org/10.1103/PhysRevD.94.024003}}

@article{1501.00007,
	Archiveprefix = {arXiv},
	Author = {Hubeny, Veronika E.},
	Doi = {10.1088/0264-9381/32/12/124010},
	Eprint = {1501.00007},
	Journal = {Class. Quant. Grav.},
	Number = {12},
	Pages = {124010},
	Primaryclass = {gr-qc},
	Slaccitation = {%%CITATION = ARXIV:1501.00007;%%},
	Title = {{The AdS/CFT Correspondence}},
	Volume = {32},
	Year = {2015},
	Bdsk-Url-1 = {http://dx.doi.org/10.1088/0264-9381/32/12/124010}}

@article{1712.07637,
	Archiveprefix = {arXiv},
	Author = {Biasi, Anxo and Carracedo, Pablo and Mas, Javier and Musso, Daniele and Serantes, Alexandre},
	Doi = {10.1007/JHEP04(2018)137},
	Eprint = {1712.07637},
	Journal = {JHEP},
	Pages = {137},
	Primaryclass = {hep-th},
	Slaccitation = {%%CITATION = ARXIV:1712.07637;%%},
	Title = {{Floquet Scalar Dynamics in Global AdS}},
	Volume = {04},
	Year = {2018},
	Bdsk-Url-1 = {http://dx.doi.org/10.1007/JHEP04(2018)137}}

@article{1803.02830,
	Archiveprefix = {arXiv},
	Author = {Choptuik, Matthew and Santos, Jorge E. and Way, Benson},
	Doi = {10.1103/PhysRevLett.121.021103},
	Eprint = {1803.02830},
	Journal = {Phys. Rev. Lett.},
	Number = {2},
	Pages = {021103},
	Primaryclass = {hep-th},
	Slaccitation = {%%CITATION = ARXIV:1803.02830;%%},
	Title = {{Charting Islands of Stability with Multioscillators in anti-de Sitter space}},
	Volume = {121},
	Year = {2018},
	Bdsk-Url-1 = {http://dx.doi.org/10.1103/PhysRevLett.121.021103}}

@article{1612.07701,
	Archiveprefix = {arXiv},
	Author = {Carracedo, Pablo and Mas, Javier and Musso, Daniele and Serantes, Alexandre},
	Doi = {10.1007/JHEP05(2017)141},
	Eprint = {1612.07701},
	Journal = {JHEP},
	Pages = {141},
	Primaryclass = {hep-th},
	Slaccitation = {%%CITATION = ARXIV:1612.07701;%%},
	Title = {{Adiabatic pumping solutions in global AdS}},
	Volume = {05},
	Year = {2017},
	Bdsk-Url-1 = {http://dx.doi.org/10.1007/JHEP05(2017)141}}

@article{1410.6201,
	Archiveprefix = {arXiv},
	Author = {Buchel, Alex and Myers, Robert C. and van Niekerk, Anton},
	Doi = {10.1007/JHEP07(2015)137, 10.1007/JHEP02(2015)017},
	Eprint = {1410.6201},
	Journal = {JHEP},
	Note = {[Erratum: JHEP07,137(2015)]},
	Pages = {017},
	Primaryclass = {hep-th},
	Slaccitation = {%%CITATION = ARXIV:1410.6201;%%},
	Title = {{Nonlocal probes of thermalization in holographic quenches with spectral methods}},
	Volume = {02},
	Year = {2015},
	Bdsk-Url-1 = {http://dx.doi.org/10.1007/JHEP07(2015)137,%2010.1007/JHEP02(2015)017}}

@article{1602.05859,
	Archiveprefix = {arXiv},
	Author = {Evnin, Oleg and Jai-akson, Puttarak},
	Doi = {10.1007/JHEP04(2016)054},
	Eprint = {1602.05859},
	Journal = {JHEP},
	Pages = {054},
	Primaryclass = {hep-th},
	Slaccitation = {%%CITATION = ARXIV:1602.05859;%%},
	Title = {{Detailed ultraviolet asymptotics for AdS scalar field perturbations}},
	Volume = {04},
	Year = {2016},
	Bdsk-Url-1 = {http://dx.doi.org/10.1007/JHEP04(2016)054}}

@article{1502.05726,
	Archiveprefix = {arXiv},
	Author = {Rangamani, Mukund and Rozali, Moshe and Wong, Anson},
	Doi = {10.1007/JHEP04(2015)093},
	Eprint = {1502.05726},
	Journal = {JHEP},
	Pages = {093},
	Primaryclass = {hep-th},
	Reportnumber = {DCPT-15-05},
	Slaccitation = {%%CITATION = ARXIV:1502.05726;%%},
	Title = {{Driven Holographic CFTs}},
	Volume = {04},
	Year = {2015},
	Bdsk-Url-1 = {http://dx.doi.org/10.1007/JHEP04(2015)093}}

@article{1706.02438,
	Archiveprefix = {arXiv},
	Author = {Myers, Robert C. and Rozali, Moshe and Way, Benson},
	Doi = {10.1088/1751-8121/aa927c},
	Eprint = {1706.02438},
	Journal = {J. Phys.},
	Number = {49},
	Pages = {494002},
	Primaryclass = {hep-th},
	Slaccitation = {%%CITATION = ARXIV:1706.02438;%%},
	Title = {{Holographic Quenches in a Confined Phase}},
	Volume = {A50},
	Year = {2017},
	Bdsk-Url-1 = {http://dx.doi.org/10.1088/1751-8121/aa927c}}

@article{1305.4117,
	Archiveprefix = {arXiv},
	Author = {Nakayama, Yu},
	Doi = {10.1103/PhysRevD.88.105006},
	Eprint = {1305.4117},
	Journal = {Phys. Rev.},
	Number = {10},
	Pages = {105006},
	Primaryclass = {hep-th},
	Reportnumber = {CALT-68-2935},
	Slaccitation = {%%CITATION = ARXIV:1305.4117;%%},
	Title = {{Holographic interpretation of renormalization group approach to singular perturbations in nonlinear differential equations}},
	Volume = {D88},
	Year = {2013},
	Bdsk-Url-1 = {http://dx.doi.org/10.1103/PhysRevD.88.105006}}

@article{deOliveira:2012ac,
	Archiveprefix = {arXiv},
	Author = {de Oliveira, H. P. and Pando Zayas, Leopoldo A. and Terrero-Escalante, Cesar A.},
	Doi = {10.1142/S0218271812420138},
	Eprint = {1205.3232},
	Journal = {Int. J. Mod. Phys.},
	Pages = {1242013},
	Primaryclass = {hep-th},
	Slaccitation = {%%CITATION = ARXIV:1205.3232;%%},
	Title = {{Turbulence and Chaos in Anti-de-Sitter Gravity}},
	Volume = {D21},
	Year = {2012},
	Bdsk-Url-1 = {http://dx.doi.org/10.1142/S0218271812420138}}

@article{hep-th/9711200,
	Archiveprefix = {arXiv},
	Author = {Maldacena, Juan Martin},
	Doi = {10.1023/A:1026654312961},
	Eprint = {hep-th/9711200},
	Journal = {Int. J. Theor. Phys.},
	Note = {[Adv. Theor. Math. Phys. 2, 231(1998)]},
	Pages = {1113-1133},
	Primaryclass = {hep-th},
	Reportnumber = {HUTP-97-A097, HUTP-98-A097},
	Slaccitation = {%%CITATION = HEP-TH/9711200;%%},
	Title = {{The Large N limit of superconformal field theories and supergravity}},
	Volume = {38},
	Year = {1999},
	Bdsk-Url-1 = {http://dx.doi.org/10.1023/A:1026654312961}}

@article{gr-qc/0602037,
	Archiveprefix = {arXiv},
	Author = {Horowitz, Gary T. and Polchinski, Joseph},
	Eprint = {gr-qc/0602037},
	Primaryclass = {gr-qc},
	Slaccitation = {%%CITATION = GR-QC/0602037;%%},
	Title = {{Gauge/gravity duality}},
	Year = {2006}}

@inproceedings{gr-qc/9310026,
	Archiveprefix = {arXiv},
	Author = {'t Hooft, Gerard},
	Booktitle = {{Salamfest 1993:284-296}},
	Eprint = {gr-qc/9310026},
	Pages = {284-296},
	Primaryclass = {gr-qc},
	Reportnumber = {THU-93-26},
	Slaccitation = {%%CITATION = GR-QC/9310026;%%},
	Title = {{Dimensional reduction in quantum gravity}},
	Year = {1993}}

@article{hep-th/9409089,
	Archiveprefix = {arXiv},
	Author = {Susskind, Leonard},
	Doi = {10.1063/1.531249},
	Eprint = {hep-th/9409089},
	Journal = {J. Math. Phys.},
	Pages = {6377-6396},
	Primaryclass = {hep-th},
	Reportnumber = {SU-ITP-94-33},
	Slaccitation = {%%CITATION = HEP-TH/9409089;%%},
	Title = {{The World as a hologram}},
	Volume = {36},
	Year = {1995},
	Bdsk-Url-1 = {http://dx.doi.org/10.1063/1.531249}}

@article{tHooft:1973alw,
	Author = {'t Hooft, Gerard},
	Doi = {10.1016/0550-3213(74)90154-0},
	Journal = {Nucl. Phys.},
	Pages = {461},
	Reportnumber = {CERN-TH-1786},
	Slaccitation = {%%CITATION = NUPHA,B72,461;%%},
	Title = {{A Planar Diagram Theory for Strong Interactions}},
	Volume = {B72},
	Year = {1974},
	Bdsk-Url-1 = {http://dx.doi.org/10.1016/0550-3213(74)90154-0}}

@article{hep-th/9902131,
	Archiveprefix = {arXiv},
	Author = {Petersen, Jens Lyng},
	Booktitle = {{Int. J. Mod. Phys. A14 (1999) 3597-3672}},
	Doi = {10.1142/S0217751X99001676},
	Eprint = {hep-th/9902131},
	Journal = {Int. J. Mod. Phys.},
	Pages = {3597-3672},
	Primaryclass = {hep-th},
	Reportnumber = {NBI-HE-99-05},
	Slaccitation = {%%CITATION = HEP-TH/9902131;%%},
	Title = {{Introduction to the Maldacena conjecture on AdS / CFT}},
	Volume = {A14},
	Year = {1999},
	Bdsk-Url-1 = {http://dx.doi.org/10.1142/S0217751X99001676}}

@book{Zwiebach:2004tj,
	Address = {Cambridge, UK},
	Author = {Zwiebach, B},
	Edition = {2nd},
	Isbn = {978-0-521-88032-9},
	Pages = {695},
	Publisher = {Cambridge University Press},
	Title = {{A First Course in String Theory}},
	Url = {www.cambridge.org/9780521880329},
	Year = {2009},
	Bdsk-Url-1 = {www.cambridge.org/9780521880329}}

@article{Horowitz:1991cd,
	Author = {Horowitz, Gary T. and Strominger, Andrew},
	Doi = {10.1016/0550-3213(91)90440-9},
	Journal = {Nucl. Phys.},
	Pages = {197-209},
	Reportnumber = {UCSBTH-91-06},
	Slaccitation = {%%CITATION = NUPHA,B360,197;%%},
	Title = {{Black strings and P-branes}},
	Volume = {B360},
	Year = {1991},
	Bdsk-Url-1 = {http://dx.doi.org/10.1016/0550-3213(91)90440-9}}

@article{HEP-TH/9803002,
	Archiveprefix = {arXiv},
	Author = {Maldacena, Juan Martin},
	Doi = {10.1103/PhysRevLett.80.4859},
	Eprint = {hep-th/9803002},
	Journal = {Phys. Rev. Lett.},
	Pages = {4859-4862},
	Primaryclass = {hep-th},
	Reportnumber = {HUTP-98-A014},
	Slaccitation = {%%CITATION = HEP-TH/9803002;%%},
	Title = {{Wilson loops in large N field theories}},
	Volume = {80},
	Year = {1998},
	Bdsk-Url-1 = {http://dx.doi.org/10.1103/PhysRevLett.80.4859}}

@article{hep-th/9802109,
	Archiveprefix = {arXiv},
	Author = {Gubser, S. S. and Klebanov, Igor R. and Polyakov, Alexander M.},
	Doi = {10.1016/S0370-2693(98)00377-3},
	Eprint = {hep-th/9802109},
	Journal = {Phys. Lett.},
	Pages = {105-114},
	Primaryclass = {hep-th},
	Reportnumber = {PUPT-1767},
	Slaccitation = {%%CITATION = HEP-TH/9802109;%%},
	Title = {{Gauge theory correlators from noncritical string theory}},
	Volume = {B428},
	Year = {1998},
	Bdsk-Url-1 = {http://dx.doi.org/10.1016/S0370-2693(98)00377-3}}

@article{hep-th/9802150,
	Archiveprefix = {arXiv},
	Author = {Witten, Edward},
	Eprint = {hep-th/9802150},
	Journal = {Adv. Theor. Math. Phys.},
	Pages = {253-291},
	Primaryclass = {hep-th},
	Reportnumber = {IASSNS-HEP-98-15},
	Slaccitation = {%%CITATION = HEP-TH/9802150;%%},
	Title = {{Anti-de Sitter space and holography}},
	Volume = {2},
	Year = {1998}}

@misc{McGreevy2008,
	Author = {McGreevy, John},
	Howpublished = {MIT OpenCourseWare},
	Institution = {Massachusetts Institute of Technology},
	Note = {License: \href{https://creativecommons.org/licenses/by-nc-sa/4.0/}{Creative Commons BY-NC-SA}},
	Series = {MIT 8.821 String Theory},
	Title = {{String Theory}},
	Url = {https://ocw.mit.edu},
	Year = {2008},
	Bdsk-Url-1 = {https://ocw.mit.edu}}

@article{hep-th/0307101,
	Archiveprefix = {arXiv},
	Author = {Plefka, Jan Christoph},
	Booktitle = {{RTN Winter School on Strings, Supergravity and Gauge Theory Turin, Italy, January 7-11, 2003}},
	Doi = {10.1002/prop.200310121},
	Eprint = {hep-th/0307101},
	Journal = {Fortsch. Phys.},
	Pages = {264-301},
	Primaryclass = {hep-th},
	Reportnumber = {AEI-2003-061},
	Slaccitation = {%%CITATION = HEP-TH/0307101;%%},
	Title = {{Lectures on the plane wave string / gauge theory duality}},
	Volume = {52},
	Year = {2004},
	Bdsk-Url-1 = {http://dx.doi.org/10.1002/prop.200310121}}

@book{Polchinski:1998rq,
	Author = {Polchinski, J.},
	Isbn = {9780511252273, 9780521672276, 9780521633031},
	Publisher = {Cambridge University Press},
	Slaccitation = {%%CITATION = INSPIRE-487240;%%},
	Title = {{String theory. Vol. 1: An introduction to the bosonic string}},
	Year = {2007}}

@book{Polchinski:1998rr,
      author         = "Polchinski, J.",
      title          = "{String theory. Vol. 2: Superstring theory and beyond}",
      publisher      = "Cambridge University Press",
      year           = "2007",
      series         = "Cambridge Monographs on Mathematical Physics",
      doi            = "10.1017/CBO9780511618123",
      ISBN           = "9780511252280, 9780521633048, 9780521672283",
      SLACcitation   = "%%CITATION = INSPIRE-487241;%%"
}

@misc{Jacobson1996,
	Author = {Jacobson, Ted},
	Institution = {University of Utrecht, Institute for Theoretical Physics},
	Title = {{Introductory lectures on black hole thermodynamics}},
	Year = {1996}}

@article{hep-th/9803131,
	Archiveprefix = {arXiv},
	Author = {Witten, Edward},
	Eprint = {hep-th/9803131},
	Journal = {Adv. Theor. Math. Phys.},
	Pages = {505-532},
	Primaryclass = {hep-th},
	Reportnumber = {IASSNS-HEP-98-21},
	Slaccitation = {%%CITATION = HEP-TH/9803131;%%},
	Title = {{Anti-de Sitter space, thermal phase transition, and confinement in gauge theories}},
	Volume = {2},
	Year = {1998}}

@article{Bekenstein:1973ur,
	Author = {Bekenstein, Jacob D.},
	Doi = {10.1103/PhysRevD.7.2333},
	Journal = {Phys. Rev.},
	Pages = {2333-2346},
	Slaccitation = {%%CITATION = PHRVA,D7,2333;%%},
	Title = {{Black holes and entropy}},
	Volume = {D7},
	Year = {1973},
	Bdsk-Url-1 = {http://dx.doi.org/10.1103/PhysRevD.7.2333}}

@article{Bardeen:1973gs,
	Author = {Bardeen, James M. and Carter, B. and Hawking, S. W.},
	Doi = {10.1007/BF01645742},
	Journal = {Commun. Math. Phys.},
	Pages = {161-170},
	Slaccitation = {%%CITATION = CMPHA,31,161;%%},
	Title = {{The Four laws of black hole mechanics}},
	Volume = {31},
	Year = {1973},
	Bdsk-Url-1 = {http://dx.doi.org/10.1007/BF01645742}}

@article{Hawking:1982dh,
	Author = {Hawking, S. W. and Page, Don N.},
	Doi = {10.1007/BF01208266},
	Journal = {Commun. Math. Phys.},
	Pages = {577},
	Reportnumber = {PRINT-83-0019 (CAMBRIDGE)},
	Slaccitation = {%%CITATION = CMPHA,87,577;%%},
	Title = {{Thermodynamics of Black Holes in Anti-de Sitter Space}},
	Volume = {87},
	Year = {1983},
	Bdsk-Url-1 = {http://dx.doi.org/10.1007/BF01208266}}

@article{Hawking:1971,
	Author = {Hawking, S. W.},
	Doi = {10.1103/PhysRevLett.26.1344},
	Issue = {21},
	Journal = {Phys. Rev. Lett.},
	Month = {May},
	Numpages = {0},
	Pages = {1344--1346},
	Publisher = {American Physical Society},
	Title = {Gravitational Radiation from Colliding Black Holes},
	Url = {https://link.aps.org/doi/10.1103/PhysRevLett.26.1344},
	Volume = {26},
	Year = {1971},
	Bdsk-Url-1 = {https://link.aps.org/doi/10.1103/PhysRevLett.26.1344},
	Bdsk-Url-2 = {http://dx.doi.org/10.1103/PhysRevLett.26.1344}}

@article{Hawking:1974rv,
	Author = {Hawking, S. W.},
	Doi = {10.1038/248030a0},
	Journal = {Nature},
	Pages = {30-31},
	Slaccitation = {%%CITATION = NATUA,248,30;%%},
	Title = {{Black hole explosions}},
	Volume = {248},
	Year = {1974},
	Bdsk-Url-1 = {http://dx.doi.org/10.1038/248030a0}}

@article{Hawking:1974sw,
	Author = {Hawking, S. W.},
	Booktitle = {{In *Gibbons, G.W. (ed.), Hawking, S.W. (ed.): Euclidean quantum gravity* 167-188}},
	Doi = {10.1007/BF02345020},
	Journal = {Commun. Math. Phys.},
	Note = {[,167(1975)]},
	Pages = {199-220},
	Slaccitation = {%%CITATION = CMPHA,43,199;%%},
	Title = {{Particle Creation by Black Holes}},
	Volume = {43},
	Year = {1975},
	Bdsk-Url-1 = {http://dx.doi.org/10.1007/BF02345020}}

@article{gr-qc/0210101,
	Archiveprefix = {arXiv},
	Author = {Gundlach, Carsten},
	Doi = {10.1016/S0370-1573(02)00560-4},
	Eprint = {gr-qc/0210101},
	Journal = {Phys. Rept.},
	Pages = {339-405},
	Primaryclass = {gr-qc},
	Slaccitation = {%%CITATION = GR-QC/0210101;%%},
	Title = {{Critical phenomena in gravitational collapse}},
	Volume = {376},
	Year = {2003},
	Bdsk-Url-1 = {http://dx.doi.org/10.1016/S0370-1573(02)00560-4}}

@article{gr-qc/0405101,
	Archiveprefix = {arXiv},
	Author = {Choptuik, Matthew W. and Hirschmann, Eric W. and Liebling, Steven L. and Pretorius, Frans},
	Doi = {10.1103/PhysRevLett.93.131101},
	Eprint = {gr-qc/0405101},
	Journal = {Phys. Rev. Lett.},
	Pages = {131101},
	Primaryclass = {gr-qc},
	Slaccitation = {%%CITATION = GR-QC/0405101;%%},
	Title = {{Critical collapse of a complex scalar field with angular momentum}},
	Volume = {93},
	Year = {2004},
	Bdsk-Url-1 = {http://dx.doi.org/10.1103/PhysRevLett.93.131101}}

@article{Abrahams:1993wa,
	Author = {Abrahams, A. M. and Evans, C. R.},
	Doi = {10.1103/PhysRevLett.70.2980},
	Journal = {Phys. Rev. Lett.},
	Pages = {2980-2983},
	Slaccitation = {%%CITATION = PRLTA,70,2980;%%},
	Title = {{Critical behavior and scaling in vacuum axisymmetric gravitational collapse}},
	Volume = {70},
	Year = {1993},
	Bdsk-Url-1 = {http://dx.doi.org/10.1103/PhysRevLett.70.2980}}

@phdthesis{gr-qc/0410040,
	Archiveprefix = {arXiv},
	Author = {Lai, Chi-Wai},
	Eprint = {gr-qc/0410040},
	Primaryclass = {gr-qc},
	Reportnumber = {UMI-NQ99499},
	School = {British Columbia U.},
	Slaccitation = {%%CITATION = GR-QC/0410040;%%},
	Title = {{A Numerical study of boson stars}},
	Url = {http://wwwlib.umi.com/dissertations/fullcit?pNQ99499},
	Year = {2004},
	Bdsk-Url-1 = {http://wwwlib.umi.com/dissertations/fullcit?pNQ99499}}

@article{hep-th/0002230,
	Archiveprefix = {arXiv},
	Author = {de Haro, Sebastian and Solodukhin, Sergey N. and Skenderis, Kostas},
	Doi = {10.1007/s002200100381},
	Eprint = {hep-th/0002230},
	Journal = {Commun. Math. Phys.},
	Pages = {595-622},
	Primaryclass = {hep-th},
	Reportnumber = {SPIN-2000-05, ITP-UU-00-03, PUTP-1921},
	Slaccitation = {%%CITATION = HEP-TH/0002230;%%},
	Title = {{Holographic reconstruction of space-time and renormalization in the AdS / CFT correspondence}},
	Volume = {217},
	Year = {2001},
	Bdsk-Url-1 = {http://dx.doi.org/10.1007/s002200100381}}

@article{hep-th/9902121,
	Archiveprefix = {arXiv},
	Author = {Balasubramanian, Vijay and Kraus, Per},
	Doi = {10.1007/s002200050764},
	Eprint = {hep-th/9902121},
	Journal = {Commun. Math. Phys.},
	Pages = {413-428},
	Primaryclass = {hep-th},
	Reportnumber = {HUTP-99-A002, EFI-99-6, NSF-ITP-98-132},
	Slaccitation = {%%CITATION = HEP-TH/9902121;%%},
	Title = {{A Stress tensor for Anti-de Sitter gravity}},
	Volume = {208},
	Year = {1999},
	Bdsk-Url-1 = {http://dx.doi.org/10.1007/s002200050764}}

@book{Carroll:2004st,
	Author = {Carroll, Sean M.},
	Isbn = {0805387323, 9780805387322},
	Publisher = {Addison-Wesley},
	Slaccitation = {%%CITATION = INSPIRE-650093;%%},
	Title = {{Spacetime and geometry: An introduction to general relativity}},
	Url = {http://www.slac.stanford.edu/spires/find/books/www?cl=QC6:C37:2004},
	Year = {2004},
	Bdsk-Url-1 = {http://www.slac.stanford.edu/spires/find/books/www?cl=QC6:C37:2004}}

@misc{Schellekens,
	Author = {Schellekens, A. N.},
	Institution = {Nikhef, National Institute for Subatomic Physics},
	Title = {{Conformal Field Theory}},
	Url = {https://www.nikhef.nl/en/},
	Year = {2016},
	Bdsk-Url-1 = {https://www.nikhef.nl/en/}}

@article{1104.3702,
	Archiveprefix = {arXiv},
	Author = {Bizo\'n, Piotr and Rostworowski, Andrzej},
	Doi = {10.1103/PhysRevLett.107.031102},
	Eprint = {1104.3702},
	Journal = {Phys. Rev. Lett.},
	Pages = {031102},
	Primaryclass = {gr-qc},
	Slaccitation = {%%CITATION = ARXIV:1104.3702;%%},
	Title = {{On weakly turbulent instability of anti-de Sitter space}},
	Volume = {107},
	Year = {2011},
	Bdsk-Url-1 = {http://dx.doi.org/10.1103/PhysRevLett.107.031102}}

@article{1210.1566,
	Archiveprefix = {arXiv},
	Author = {Kunstatter, Gabor and Maeda, Hideki and Taves, Tim},
	Doi = {10.1088/0264-9381/30/6/065002},
	Eprint = {1210.1566},
	Journal = {Class. Quant. Grav.},
	Pages = {065002},
	Primaryclass = {gr-qc},
	Reportnumber = {CECS-PHY-12-08},
	Slaccitation = {%%CITATION = ARXIV:1210.1566;%%},
	Title = {{Hamiltonian dynamics of Lovelock black holes with spherical symmetry}},
	Volume = {30},
	Year = {2013},
	Bdsk-Url-1 = {http://dx.doi.org/10.1088/0264-9381/30/6/065002}}

@article{hep-th/0603001,
	Archiveprefix = {arXiv},
	Author = {Ryu, Shinsei and Takayanagi, Tadashi},
	Doi = {10.1103/PhysRevLett.96.181602},
	Eprint = {hep-th/0603001},
	Journal = {Phys. Rev. Lett.},
	Pages = {181602},
	Primaryclass = {hep-th},
	Reportnumber = {NSF-KITP-06-11},
	Slaccitation = {%%CITATION = HEP-TH/0603001;%%},
	Title = {{Holographic derivation of entanglement entropy from AdS/CFT}},
	Volume = {96},
	Year = {2006},
	Bdsk-Url-1 = {http://dx.doi.org/10.1103/PhysRevLett.96.181602}}

@article{1304.4926,
	Archiveprefix = {arXiv},
	Author = {Lewkowycz, Aitor and Maldacena, Juan},
	Doi = {10.1007/JHEP08(2013)090},
	Eprint = {1304.4926},
	Journal = {JHEP},
	Pages = {090},
	Primaryclass = {hep-th},
	Slaccitation = {%%CITATION = ARXIV:1304.4926;%%},
	Title = {{Generalized gravitational entropy}},
	Volume = {08},
	Year = {2013},
	Bdsk-Url-1 = {http://dx.doi.org/10.1007/JHEP08(2013)090}}

@article{Wheeler:1955zz,
	Author = {Wheeler, J. A.},
	Doi = {10.1103/PhysRev.97.511},
	Journal = {Phys. Rev.},
	Pages = {511-536},
	Slaccitation = {%%CITATION = PHRVA,97,511;%%},
	Title = {{Geons}},
	Volume = {97},
	Year = {1955},
	Bdsk-Url-1 = {http://dx.doi.org/10.1103/PhysRev.97.511}}

@article{1408.5906,
	Archiveprefix = {arXiv},
	Author = {Horowitz, Gary T. and Santos, Jorge E.},
	Doi = {10.4310/SDG.2015.v20.n1.a13},
	Eprint = {1408.5906},
	Journal = {Surveys Diff. Geom.},
	Pages = {321-335},
	Primaryclass = {gr-qc},
	Slaccitation = {%%CITATION = ARXIV:1408.5906;%%},
	Title = {{Geons and the Instability of Anti-de Sitter Spacetime}},
	Volume = {20},
	Year = {2015},
	Bdsk-Url-1 = {http://dx.doi.org/10.4310/SDG.2015.v20.n1.a13}}

@article{1701.07804,
	Archiveprefix = {arXiv},
	Author = {Rostworowski, Andrzej},
	Doi = {10.1103/PhysRevD.95.124043},
	Eprint = {1701.07804},
	Journal = {Phys. Rev.},
	Number = {12},
	Pages = {124043},
	Primaryclass = {gr-qc},
	Reportnumber = {CERN-TH-2017-023},
	Slaccitation = {%%CITATION = ARXIV:1701.07804;%%},
	Title = {{Higher order perturbations of Anti-de Sitter space and time-periodic solutions of vacuum Einstein equations}},
	Volume = {D95},
	Year = {2017},
	Bdsk-Url-1 = {http://dx.doi.org/10.1103/PhysRevD.95.124043}}

@article{1506.07907,
	Archiveprefix = {arXiv},
	Author = {Balasubramanian, Venkat and Buchel, Alex and Green, Stephen R. and Lehner, Luis and Liebling, Steven L.},
	Doi = {10.1103/PhysRevLett.115.049102},
	Eprint = {1506.07907},
	Journal = {Phys. Rev. Lett.},
	Number = {4},
	Pages = {049102},
	Primaryclass = {gr-qc},
	Slaccitation = {%%CITATION = ARXIV:1506.07907;%%},
	Title = {{Reply to Comment on ``Holographic Thermalization, Stability of Anti-de Sitter Space, and the Fermi-Pasta-Ulam Paradox''}},
	Volume = {115},
	Year = {2015},
	Bdsk-Url-1 = {http://dx.doi.org/10.1103/PhysRevLett.115.049102}}

@article{1410.2631,
	Archiveprefix = {arXiv},
	Author = {Bizo\'n, Piotr and Rostworowski, Andrzej},
	Doi = {10.1103/PhysRevLett.115.049101},
	Eprint = {1410.2631},
	Journal = {Phys. Rev. Lett.},
	Number = {4},
	Pages = {049101},
	Primaryclass = {gr-qc},
	Slaccitation = {%%CITATION = ARXIV:1410.2631;%%},
	Title = {{Comment on ``Holographic Thermalization, Stability of Anti-de Sitter Space, and the Fermi-Pasta-Ulam Paradox''}},
	Volume = {115},
	Year = {2015},
	Bdsk-Url-1 = {http://dx.doi.org/10.1103/PhysRevLett.115.049101}}

@article{gr-qc/0309131,
	Archiveprefix = {arXiv},
	Author = {Astefanesei, Dumitru and Radu, Eugen},
	Doi = {10.1016/S0550-3213(03)00482-6},
	Eprint = {gr-qc/0309131},
	Journal = {Nucl. Phys.},
	Pages = {594-622},
	Primaryclass = {gr-qc},
	Reportnumber = {FREIBURG-THEP-03-15},
	Slaccitation = {%%CITATION = GR-QC/0309131;%%},
	Title = {{Boson stars with negative cosmological constant}},
	Volume = {B665},
	Year = {2003},
	Bdsk-Url-1 = {http://dx.doi.org/10.1016/S0550-3213(03)00482-6}}

@article{1301.2452,
	Archiveprefix = {arXiv},
	Author = {Brihaye, Yves and Hartmann, Betti and Tojiev, Sardor},
	Doi = {10.1088/0264-9381/30/11/115009},
	Eprint = {1301.2452},
	Journal = {Class. Quant. Grav.},
	Pages = {115009},
	Primaryclass = {hep-th},
	Slaccitation = {%%CITATION = ARXIV:1301.2452;%%},
	Title = {{Stability of charged solitons and formation of boson stars in 5-dimensional Anti-de Sitter space-time}},
	Volume = {30},
	Year = {2013},
	Bdsk-Url-1 = {http://dx.doi.org/10.1088/0264-9381/30/11/115009}}

@article{1704.05454,
	Archiveprefix = {arXiv},
	Author = {Bosch, Pablo and Buchel, Alex and Lehner, Luis},
	Eprint = {1704.05454},
	Primaryclass = {hep-th},
	Slaccitation = {%%CITATION = ARXIV:1704.05454;%%},
	Title = {{Unstable horizons and singularity development in holography}},
	Year = {2017}}

@article{hep-th/9301052,
	Archiveprefix = {arXiv},
	Author = {Gregory, R. and Laflamme, R.},
	Doi = {10.1103/PhysRevLett.70.2837},
	Eprint = {hep-th/9301052},
	Journal = {Phys. Rev. Lett.},
	Pages = {2837-2840},
	Primaryclass = {hep-th},
	Slaccitation = {%%CITATION = HEP-TH/9301052;%%},
	Title = {{Black strings and p-branes are unstable}},
	Volume = {70},
	Year = {1993},
	Bdsk-Url-1 = {http://dx.doi.org/10.1103/PhysRevLett.70.2837}}

@article{Dziarmaga2010,
	Author = {Jacek Dziarmaga},
	Doi = {10.1080/00018732.2010.514702},
	Eprint = {http://dx.doi.org/10.1080/00018732.2010.514702},
	Journal = {Advances in Physics},
	Number = {6},
	Pages = {1063-1189},
	Title = {Dynamics of a quantum phase transition and relaxation to a steady state},
	Url = {http://dx.doi.org/10.1080/00018732.2010.514702},
	Volume = {59},
	Year = {2010},
	Bdsk-Url-1 = {http://dx.doi.org/10.1080/00018732.2010.514702}}

@article{2011arXiv1106.3567L,
	Archiveprefix = {arXiv},
	Author = {{Lamacraft}, A. and {Moore}, J.},
	Eprint = {1106.3567},
	Journal = {ArXiv e-prints},
	Month = {jun},
	Note = {Provided by the SAO/NASA Astrophysics Data System},
	Primaryclass = {cond-mat.quant-gas},
	Title = {{Potential insights into non-equilibrium behavior from atomic physics}},
	Url = {http://adsabs.harvard.edu/abs/2011arXiv1106.3567L},
	Year = {2011},
	Bdsk-Url-1 = {http://adsabs.harvard.edu/abs/2011arXiv1106.3567L}}

@article{hep-th/9808079,
	Archiveprefix = {arXiv},
	Author = {Horowitz, Gary T. and Myers, Robert C.},
	Doi = {10.1103/PhysRevD.59.026005},
	Eprint = {hep-th/9808079},
	Journal = {Phys. Rev.},
	Pages = {026005},
	Primaryclass = {hep-th},
	Reportnumber = {NSF-ITP-98-076, MCGILL-98-13},
	Slaccitation = {%%CITATION = HEP-TH/9808079;%%},
	Title = {{The AdS / CFT correspondence and a new positive energy conjecture for general relativity}},
	Volume = {D59},
	Year = {1998},
	Bdsk-Url-1 = {http://dx.doi.org/10.1103/PhysRevD.59.026005}}

@article{1706.04199,
	Archiveprefix = {arXiv},
	Author = {Bantilan, Hans and Figueras, Pau and Kunesch, Markus and Romatschke, Paul},
	Eprint = {1706.04199},
	Primaryclass = {hep-th},
	Slaccitation = {%%CITATION = ARXIV:1706.04199;%%},
	Title = {{Non-Spherically Symmetric Collapse in Asymptotically AdS Spacetimes}},
	Year = {2017}}

@article{Choptuik:1992jv,
	Author = {Choptuik, Matthew W.},
	Doi = {10.1103/PhysRevLett.70.9},
	Journal = {Phys. Rev. Lett.},
	Pages = {9-12},
	Reportnumber = {FPRINT-92-33},
	Slaccitation = {%%CITATION = PRLTA,70,9;%%},
	Title = {{Universality and scaling in gravitational collapse of a massless scalar field}},
	Volume = {70},
	Year = {1993},
	Bdsk-Url-1 = {http://dx.doi.org/10.1103/PhysRevLett.70.9}}

@article{1202.5809,
	Archiveprefix = {arXiv},
	Author = {Liebling, Steven L. and Palenzuela, Carlos},
	Doi = {10.12942/lrr-2012-6},
	Eprint = {1202.5809},
	Journal = {Living Rev. Rel.},
	Pages = {6},
	Primaryclass = {gr-qc},
	Slaccitation = {%%CITATION = ARXIV:1202.5809;%%},
	Title = {{Dynamical Boson Stars}},
	Volume = {15},
	Year = {2012},
	Bdsk-Url-1 = {http://dx.doi.org/10.12942/lrr-2012-6}}

@article{1108.4539,
	Archiveprefix = {arXiv},
	Author = {Ja\l{}mu\.{z}na, Joanna and Rostworowski, Andrzej and Bizo\'n, Piotr},
	Doi = {10.1103/PhysRevD.84.085021},
	Eprint = {1108.4539},
	Journal = {Phys. Rev.},
	Pages = {085021},
	Primaryclass = {gr-qc},
	Slaccitation = {%%CITATION = ARXIV:1108.4539;%%},
	Title = {{A Comment on AdS collapse of a scalar field in higher dimensions}},
	Volume = {D84},
	Year = {2011},
	Bdsk-Url-1 = {http://dx.doi.org/10.1103/PhysRevD.84.085021}}

@article{1208.2934,
	Archiveprefix = {arXiv},
	Author = {Maliborski, Maciej},
	Doi = {10.1103/PhysRevLett.109.221101},
	Eprint = {1208.2934},
	Journal = {Phys. Rev. Lett.},
	Pages = {221101},
	Primaryclass = {gr-qc},
	Slaccitation = {%%CITATION = ARXIV:1208.2934;%%},
	Title = {{Instability of Flat Space Enclosed in a Cavity}},
	Volume = {109},
	Year = {2012},
	Bdsk-Url-1 = {http://dx.doi.org/10.1103/PhysRevLett.109.221101}}

@article{1503.07746,
	Archiveprefix = {arXiv},
	Author = {Fodor, Gyula and Forg\'acs, P\'eter and Grandcl\'ement, Philippe},
	Doi = {10.1103/PhysRevD.92.025036},
	Eprint = {1503.07746},
	Journal = {Phys. Rev.},
	Number = {2},
	Pages = {025036},
	Primaryclass = {gr-qc},
	Slaccitation = {%%CITATION = ARXIV:1503.07746;%%},
	Title = {{Self-gravitating scalar breathers with negative cosmological constant}},
	Volume = {D92},
	Year = {2015},
	Bdsk-Url-1 = {http://dx.doi.org/10.1103/PhysRevD.92.025036}}

@article{hep-th/9905104,
	Archiveprefix = {arXiv},
	Author = {Klebanov, Igor R. and Witten, Edward},
	Doi = {10.1016/S0550-3213(99)00387-9},
	Eprint = {hep-th/9905104},
	Journal = {Nucl. Phys.},
	Pages = {89-114},
	Primaryclass = {hep-th},
	Reportnumber = {PUPT-1863, IASSNS-HEP-99-49},
	Slaccitation = {%%CITATION = HEP-TH/9905104;%%},
	Title = {{AdS / CFT correspondence and symmetry breaking}},
	Volume = {B556},
	Year = {1999},
	Bdsk-Url-1 = {http://dx.doi.org/10.1016/S0550-3213(99)00387-9}}

@article{1912.07143,
      author         = "Cownden, Brad",
      title          = "{Examining Instabilities Due to Driven Scalars in AdS}",
      year           = "2019",
      eprint         = "1912.07143",
      archivePrefix  = "arXiv",
      primaryClass   = "hep-th",
      SLACcitation   = "%%CITATION = ARXIV:1912.07143;%%"
}

@article{1803.03633,
      author         = "Bernamonti, Alice and Galli, Federico and Myers, Robert
                        C. and Oppenheim, Jonathan",
      title          = "{Holographic second laws of black hole thermodynamics}",
      journal        = "JHEP",
      volume         = "07",
      year           = "2018",
      pages          = "111",
      doi            = "10.1007/JHEP07(2018)111",
      eprint         = "1803.03633",
      archivePrefix  = "arXiv",
      primaryClass   = "hep-th",
      SLACcitation   = "%%CITATION = ARXIV:1803.03633;%%"
}

@article{1908.02296,
      author         = "Masachs, Ramon and Way, Benson",
      title          = "{New islands of stability with double-trace
                        deformations}",
      journal        = "Phys. Rev.",
      volume         = "D100",
      year           = "2019",
      number         = "10",
      pages          = "106017",
      doi            = "10.1103/PhysRevD.100.106017",
      eprint         = "1908.02296",
      archivePrefix  = "arXiv",
      primaryClass   = "hep-th",
      SLACcitation   = "%%CITATION = ARXIV:1908.02296;%%"
}

@article{1309.1629,
      author         = "Baier, R. and Stricker, S. A. and Taanila, O.",
      title          = "{Critical scalar field collapse in AdS$_{3}$: an
                        analytical approach}",
      journal        = "Class. Quant. Grav.",
      volume         = "31",
      year           = "2014",
      pages          = "025007",
      doi            = "10.1088/0264-9381/31/2/025007",
      eprint         = "1309.1629",
      archivePrefix  = "arXiv",
      primaryClass   = "gr-qc",
      reportNumber   = "BI-TP-2013-19, TUW-13-13",
      SLACcitation   = "%%CITATION = ARXIV:1309.1629;%%"
}

@article{1401.4093,
      author         = "Cl\'ement, G\'erard and Fabbri, Alessandro",
      title          = "{Comment on ``Critical scalar field collapse in AdS$_3$:
                        an analytical approach''}",
      journal        = "Class. Quant. Grav.",
      volume         = "31",
      year           = "2014",
      pages          = "098001",
      doi            = "10.1088/0264-9381/31/9/098001",
      eprint         = "1401.4093",
      archivePrefix  = "arXiv",
      primaryClass   = "gr-qc",
      reportNumber   = "LAPTH-002-14",
      SLACcitation   = "%%CITATION = ARXIV:1401.4093;%%"
}

@article{1206.2902,
      author         = "Auzzi, Roberto and Elitzur, Shmuel and Gudnason, Sven
                        Bjarke and Rabinovici, Eliezer",
      title          = "{Time-dependent stabilization in AdS/CFT}",
      journal        = "JHEP",
      volume         = "08",
      year           = "2012",
      pages          = "035",
      doi            = "10.1007/JHEP08(2012)035",
      eprint         = "1206.2902",
      archivePrefix  = "arXiv",
      primaryClass   = "hep-th",
      SLACcitation   = "%%CITATION = ARXIV:1206.2902;%%"
}

@article{1308.2132,
      author         = "Auzzi, Roberto and Elitzur, Shmuel and Gudnason, Sven
                        Bjarke and Rabinovici, Eliezer",
      title          = "{On periodically driven AdS/CFT}",
      journal        = "JHEP",
      volume         = "11",
      year           = "2013",
      pages          = "016",
      doi            = "10.1007/JHEP11(2013)016",
      eprint         = "1308.2132",
      archivePrefix  = "arXiv",
      primaryClass   = "hep-th",
      reportNumber   = "CERN-PH-TH-2013-172",
      SLACcitation   = "%%CITATION = ARXIV:1308.2132;%%"
}


@article{1903.05618,
   title={Gravitational wave driving of a gapped holographic system},
   volume={2019},
   ISSN={1029-8479},
   url={http://dx.doi.org/10.1007/JHEP05(2019)161},
   DOI={10.1007/jhep05(2019)161},
   number={5},
   journal={Journal of High Energy Physics},
   publisher={Springer Science and Business Media LLC},
   author={Biasi, Anxo and Mas, Javier and Serantes, Alexandre},
   year={2019},
   month={May},
   eprint={1903.05618},
    archivePrefix={arXiv},
    primaryClass={hep-th}
}

@article{1805.00031,
      author         = "Wen, Xueda and Wu, Jie-Qiang",
      title          = "{Floquet conformal field theory}",
      year           = "2018",
      eprint         = "1805.00031",
      archivePrefix  = "arXiv",
      primaryClass   = "cond-mat.str-el",
      reportNumber   = "MIT-CTP-4999",
      SLACcitation   = "%%CITATION = ARXIV:1805.00031;%%"
}

@article{1802.05285,
      author         = "Baumgartner, Andrew and Spillane, Michael",
      title          = "{Phase transitions and conductivities of Floquet fluids}",
      journal        = "JHEP",
      volume         = "09",
      year           = "2018",
      pages          = "082",
      doi            = "10.1007/JHEP09(2018)082",
      eprint         = "1802.05285",
      archivePrefix  = "arXiv",
      primaryClass   = "hep-th",
      SLACcitation   = "%%CITATION = ARXIV:1802.05285;%%"
}

@article{1612.07324,
      author         = "Hartnoll, Sean A. and Lucas, Andrew and Sachdev, Subir",
      title          = "{Holographic quantum matter}",
      year           = "2016",
      eprint         = "1612.07324",
      archivePrefix  = "arXiv",
      primaryClass   = "hep-th",
      SLACcitation   = "%%CITATION = ARXIV:1612.07324;%%"
}

@article{1510.02804,
      author         = "Dias, \'{O}scar J. C. and Santos, Jorge E. and Way, Benson",
      title          = "{Numerical Methods for Finding Stationary Gravitational
                        Solutions}",
      journal        = "Class. Quant. Grav.",
      volume         = "33",
      year           = "2016",
      number         = "13",
      pages          = "133001",
      doi            = "10.1088/0264-9381/33/13/133001",
      eprint         = "1510.02804",
      archivePrefix  = "arXiv",
      primaryClass   = "hep-th",
      SLACcitation   = "%%CITATION = ARXIV:1510.02804;%%"
}

@article{gr-qc/0109002,
      author         = "Clement, Gerard and Fabbri, Alessandro",
      title          = "{Critical collapse in (2+1)-dimensional AdS space-time:
                        Quasi CSS solutions and linear perturbations}",
      journal        = "Nucl. Phys.",
      volume         = "B630",
      year           = "2002",
      pages          = "269-292",
      doi            = "10.1016/S0550-3213(02)00183-9",
      eprint         = "gr-qc/0109002",
      archivePrefix  = "arXiv",
      primaryClass   = "gr-qc",
      SLACcitation   = "%%CITATION = GR-QC/0109002;%%"
}

@article{gr-qc/0007008,
      author         = "Pretorius, Frans and Choptuik, Matthew W.",
      title          = "{Gravitational collapse in (2+1)-dimensional AdS
                        space-time}",
      journal        = "Phys. Rev.",
      volume         = "D62",
      year           = "2000",
      pages          = "124012",
      doi            = "10.1103/PhysRevD.62.124012",
      eprint         = "gr-qc/0007008",
      archivePrefix  = "arXiv",
      primaryClass   = "gr-qc",
      SLACcitation   = "%%CITATION = GR-QC/0007008;%%"
}

@article{gr-qc/0008060,
      author         = "Husain, Viqar and Olivier, Michel",
      title          = "{Scalar field collapse in three-dimensional AdS
                        space-time}",
      journal        = "Class. Quant. Grav.",
      volume         = "18",
      year           = "2001",
      pages          = "L1-L10",
      doi            = "10.1088/0264-9381/18/2/101",
      eprint         = "gr-qc/0008060",
      archivePrefix  = "arXiv",
      primaryClass   = "gr-qc",
      reportNumber   = "UNB-00-02",
      SLACcitation   = "%%CITATION = GR-QC/0008060;%%"
}

@article{1311.7409,
      author         = "Ja\l{}mu\.{z}na, Joanna",
      title          = "{Three-dimensional Gravity and Instability of AdS$_{3}$}",
      journal        = "Acta Phys. Polon.",
      volume         = "B44",
      year           = "2013",
      number         = "12",
      pages          = "2603-2620",
      doi            = "10.5506/APhysPolB.44.2603",
      eprint         = "1311.7409",
      archivePrefix  = "arXiv",
      primaryClass   = "gr-qc",
      SLACcitation   = "%%CITATION = ARXIV:1311.7409;%%"
}

@article{1211.7076,
      author         = "Basu, Pallab and Das, Diptarka and Das, Sumit R. and
                        Nishioka, Tatsuma",
      title          = "{Quantum Quench Across a Zero Temperature Holographic
                        Superfluid Transition}",
      journal        = "JHEP",
      volume         = "03",
      year           = "2013",
      pages          = "146",
      doi            = "10.1007/JHEP03(2013)146",
      eprint         = "1211.7076",
      archivePrefix  = "arXiv",
      primaryClass   = "hep-th",
      SLACcitation   = "%%CITATION = ARXIV:1211.7076;%%"
}

@article{1512.00349,
      author         = "Evnin, Oleg and Nivesvivat, Rongvoram",
      title          = "{AdS perturbations, isometries, selection rules and the
                        Higgs oscillator}",
      journal        = "JHEP",
      volume         = "01",
      year           = "2016",
      pages          = "151",
      doi            = "10.1007/JHEP01(2016)151",
      eprint         = "1512.00349",
      archivePrefix  = "arXiv",
      primaryClass   = "hep-th",
      SLACcitation   = "%%CITATION = ARXIV:1512.00349;%%"
}

@article{1509.00232,
      author         = "Menon, Dhanya S. and Suneeta, Vardarajan",
      title          = "{Necessary conditions for an AdS-type instability}",
      journal        = "Phys. Rev.",
      volume         = "D93",
      year           = "2016",
      number         = "2",
      pages          = "024044",
      doi            = "10.1103/PhysRevD.93.024044",
      eprint         = "1509.00232",
      archivePrefix  = "arXiv",
      primaryClass   = "gr-qc",
      SLACcitation   = "%%CITATION = ARXIV:1509.00232;%%"
}

@article{1512.04383,
      author         = "Freivogel, Ben and Yang, I-Sheng",
      title          = "{Coherent Cascade Conjecture for Collapsing Solutions in
                        Global AdS}",
      journal        = "Phys. Rev.",
      volume         = "D93",
      year           = "2016",
      number         = "10",
      pages          = "103007",
      doi            = "10.1103/PhysRevD.93.103007",
      eprint         = "1512.04383",
      archivePrefix  = "arXiv",
      primaryClass   = "hep-th",
      SLACcitation   = "%%CITATION = ARXIV:1512.04383;%%"
}

@article{1904.02168,
      author         = "Choptuik, Matthew and Masachs, Ramon and Way, Benson",
      title          = "{Multioscillating Boson Stars}",
      journal        = "Phys. Rev. Lett.",
      volume         = "123",
      year           = "2019",
      number         = "13",
      pages          = "131101",
      doi            = "10.1103/PhysRevLett.123.131101",
      eprint         = "1904.02168",
      archivePrefix  = "arXiv",
      primaryClass   = "gr-qc",
      SLACcitation   = "%%CITATION = ARXIV:1904.02168;%%"
}

@inproceedings{1606.08953,
      author         = "McGreevy, John",
      title          = "{TASI 2015 Lectures on Quantum Matter (with a View Toward
                        Holographic Duality)}",
      booktitle      = "{Proceedings, Theoretical Advanced Study Institute in
                        Elementary Particle Physics: New Frontiers in Fields and
                        Strings (TASI 2015): Boulder, CO, USA, June 1-26, 2015}",
      year           = "2017",
      pages          = "215-296",
      doi            = "10.1142/9789813149441_0004",
      eprint         = "1606.08953",
      archivePrefix  = "arXiv",
      primaryClass   = "hep-th",
      SLACcitation   = "%%CITATION = ARXIV:1606.08953;%%"
}