@article{1104.3702,
      author         = "Bizon, Piotr and Rostworowski, Andrzej",
      title          = "{On weakly turbulent instability of anti-de Sitter
                        space}",
      journal        = "Phys. Rev. Lett.",
      volume         = "107",
      year           = "2011",
      pages          = "031102",
      doi            = "10.1103/PhysRevLett.107.031102",
      eprint         = "1104.3702",
      archivePrefix  = "arXiv",
      primaryClass   = "gr-qc",
      SLACcitation   = "%%CITATION = ARXIV:1104.3702;%%"
}



@article{1106.2339,
      author         = "Garfinkle, David and Pando Zayas, Leopoldo A.",
      title          = "{Rapid Thermalization in Field Theory from Gravitational
                        Collapse}",
      journal        = "Phys. Rev.",
      volume         = "D84",
      year           = "2011",
      pages          = "066006",
      doi            = "10.1103/PhysRevD.84.066006",
      eprint         = "1106.2339",
      archivePrefix  = "arXiv",
      primaryClass   = "hep-th",
      reportNumber   = "MCTP-11-23",
      SLACcitation   = "%%CITATION = ARXIV:1106.2339;%%"
}



@article{1108.4539,
      author         = "Jalmuzna, Joanna and Rostworowski, Andrzej and Bizon,
                        Piotr",
      title          = "{A Comment on AdS collapse of a scalar field in higher
                        dimensions}",
      journal        = "Phys. Rev.",
      volume         = "D84",
      year           = "2011",
      pages          = "085021",
      doi            = "10.1103/PhysRevD.84.085021",
      eprint         = "1108.4539",
      archivePrefix  = "arXiv",
      primaryClass   = "gr-qc",
      SLACcitation   = "%%CITATION = ARXIV:1108.4539;%%"
}



@article{1110.5823,
      author         = "Garfinkle, David and Pando Zayas, Leopoldo A. and
                        Reichmann, Dori",
      title          = "{On Field Theory Thermalization from Gravitational
                        Collapse}",
      journal        = "JHEP",
      volume         = "02",
      year           = "2012",
      pages          = "119",
      doi            = "10.1007/JHEP02(2012)119",
      eprint         = "1110.5823",
      archivePrefix  = "arXiv",
      primaryClass   = "hep-th",
      reportNumber   = "MCTP-11-37",
      SLACcitation   = "%%CITATION = ARXIV:1110.5823;%%"
}



@article{1109.1825,
      author         = "Dias, Oscar J. C. and Horowitz, Gary T. and Santos, Jorge
                        E.",
      title          = "{Gravitational Turbulent Instability of Anti-de Sitter
                        Space}",
      journal        = "Class. Quant. Grav.",
      volume         = "29",
      year           = "2012",
      pages          = "194002",
      doi            = "10.1088/0264-9381/29/19/194002",
      eprint         = "1109.1825",
      archivePrefix  = "arXiv",
      primaryClass   = "hep-th",
      SLACcitation   = "%%CITATION = ARXIV:1109.1825;%%"
}




%%% contains utf-8, see: https://inspirehep.net/info/faq/general#utf8
%%% add \usepackage[utf8]{inputenc} to your latex preamble

@article{1403.6471,
      author         = "Balasubramanian, Venkat and Buchel, Alex and Green,
                        Stephen R. and Lehner, Luis and Liebling, Steven L.",
      title          = "{Holographic Thermalization, Stability of Anti–de
                        Sitter Space, and the Fermi-Pasta-Ulam Paradox}",
      journal        = "Phys. Rev. Lett.",
      volume         = "113",
      year           = "2014",
      number         = "7",
      pages          = "071601",
      doi            = "10.1103/PhysRevLett.113.071601",
      eprint         = "1403.6471",
      archivePrefix  = "arXiv",
      primaryClass   = "hep-th",
      reportNumber   = "UWO-TH-14-2",
      SLACcitation   = "%%CITATION = ARXIV:1403.6471;%%"
}



@article{1407.6273,
      author         = "Craps, Ben and Evnin, Oleg and Vanhoof, Joris",
      title          = "{Renormalization group, secular term resummation and AdS
                        (in)stability}",
      journal        = "JHEP",
      volume         = "10",
      year           = "2014",
      pages          = "048",
      doi            = "10.1007/JHEP10(2014)048",
      eprint         = "1407.6273",
      archivePrefix  = "arXiv",
      primaryClass   = "gr-qc",
      SLACcitation   = "%%CITATION = ARXIV:1407.6273;%%"
}



@article{1410.1880,
      author         = "Dimitrakopoulos, Fotios V. and Freivogel, Ben and
                        Lippert, Matthew and Yang, I-Sheng",
      title          = "{Position space analysis of the AdS (in)stability
                        problem}",
      journal        = "JHEP",
      volume         = "08",
      year           = "2015",
      pages          = "077",
      doi            = "10.1007/JHEP08(2015)077",
      eprint         = "1410.1880",
      archivePrefix  = "arXiv",
      primaryClass   = "hep-th",
      SLACcitation   = "%%CITATION = ARXIV:1410.1880;%%"
}




%%% contains utf-8, see: https://inspirehep.net/info/faq/general#utf8
%%% add \usepackage[utf8]{inputenc} to your latex preamble

@article{1412.4761,
      author         = "Buchel, Alex and Green, Stephen R. and Lehner, Luis and
                        Liebling, Steve L.",
      title          = "{Conserved quantities and dual turbulent cascades in
                        anti–de Sitter spacetime}",
      journal        = "Phys. Rev.",
      volume         = "D91",
      year           = "2015",
      number         = "6",
      pages          = "064026",
      doi            = "10.1103/PhysRevD.91.064026",
      eprint         = "1412.4761",
      archivePrefix  = "arXiv",
      primaryClass   = "gr-qc",
      SLACcitation   = "%%CITATION = ARXIV:1412.4761;%%"
}



@article{1412.3249,
      author         = "Craps, Ben and Evnin, Oleg and Vanhoof, Joris",
      title          = "{Renormalization, averaging, conservation laws and AdS
                        (in)stability}",
      journal        = "JHEP",
      volume         = "01",
      year           = "2015",
      pages          = "108",
      doi            = "10.1007/JHEP01(2015)108",
      eprint         = "1412.3249",
      archivePrefix  = "arXiv",
      primaryClass   = "gr-qc",
      SLACcitation   = "%%CITATION = ARXIV:1412.3249;%%"
}



@article{1507.02684,
      author         = "Dimitrakopoulos, Fotios and Yang, I-Sheng",
      title          = "{Conditionally extended validity of perturbation theory:
                        Persistence of AdS stability islands}",
      journal        = "Phys. Rev.",
      volume         = "D92",
      year           = "2015",
      number         = "8",
      pages          = "083013",
      doi            = "10.1103/PhysRevD.92.083013",
      eprint         = "1507.02684",
      archivePrefix  = "arXiv",
      primaryClass   = "hep-th",
      SLACcitation   = "%%CITATION = ARXIV:1507.02684;%%"
}



@article{1507.08261,
      author         = "Green, Stephen R. and Maillard, Antoine and Lehner, Luis
                        and Liebling, Steven L.",
      title          = "{Islands of stability and recurrence times in AdS}",
      journal        = "Phys. Rev.",
      volume         = "D92",
      year           = "2015",
      number         = "8",
      pages          = "084001",
      doi            = "10.1103/PhysRevD.92.084001",
      eprint         = "1507.08261",
      archivePrefix  = "arXiv",
      primaryClass   = "gr-qc",
      SLACcitation   = "%%CITATION = ARXIV:1507.08261;%%"
}



@article{1508.04943,
      author         = "Craps, Ben and Evnin, Oleg and Vanhoof, Joris",
      title          = "{Ultraviolet asymptotics and singular dynamics of AdS
                        perturbations}",
      journal        = "JHEP",
      volume         = "10",
      year           = "2015",
      pages          = "079",
      doi            = "10.1007/JHEP10(2015)079",
      eprint         = "1508.04943",
      archivePrefix  = "arXiv",
      primaryClass   = "gr-qc",
      SLACcitation   = "%%CITATION = ARXIV:1508.04943;%%"
}



@article{1508.05474,
      author         = "Craps, Ben and Evnin, Oleg and Jai-akson, Puttarak and
                        Vanhoof, Joris",
      title          = "{Ultraviolet asymptotics for quasiperiodic AdS$_{4}$
                        perturbations}",
      journal        = "JHEP",
      volume         = "10",
      year           = "2015",
      pages          = "080",
      doi            = "10.1007/JHEP10(2015)080",
      eprint         = "1508.05474",
      archivePrefix  = "arXiv",
      primaryClass   = "gr-qc",
      SLACcitation   = "%%CITATION = ARXIV:1508.05474;%%"
}



@article{1510.07836,
      author         = "Craps, Ben and Evnin, Oleg",
      title          = "{AdS (in)stability: an analytic approach}",
      booktitle      = "{Proceedings, The String Theory Universe, 21st European
                        String Workshop and 3rd COST MP1210 Meeting: Leuven,
                        Belgium, September 7-11, 2015}",
      journal        = "Fortsch. Phys.",
      volume         = "64",
      year           = "2016",
      pages          = "336-344",
      doi            = "10.1002/prop.201500067",
      eprint         = "1510.07836",
      archivePrefix  = "arXiv",
      primaryClass   = "gr-qc",
      SLACcitation   = "%%CITATION = ARXIV:1510.07836;%%"
}



@article{1304.4166,
      author         = "Buchel, Alex and Liebling, Steven L. and Lehner, Luis",
      title          = "{Boson stars in AdS spacetime}",
      journal        = "Phys. Rev.",
      volume         = "D87",
      year           = "2013",
      number         = "12",
      pages          = "123006",
      doi            = "10.1103/PhysRevD.87.123006",
      eprint         = "1304.4166",
      archivePrefix  = "arXiv",
      primaryClass   = "gr-qc",
      reportNumber   = "UWO-TH-13-5",
      SLACcitation   = "%%CITATION = ARXIV:1304.4166;%%"
}



@article{1307.2875,
      author         = "Maliborski, Maciej and Rostworowski, Andrzej",
      title          = "{A comment on "Boson stars in AdS"}",
      year           = "2013",
      eprint         = "1307.2875",
      archivePrefix  = "arXiv",
      primaryClass   = "gr-qc",
      SLACcitation   = "%%CITATION = ARXIV:1307.2875;%%"
}



@article{1308.1235,
      author         = "Maliborski, Maciej and Rostworowski, Andrzej",
      title          = "{Lecture Notes on Turbulent Instability of Anti-de Sitter
                        Spacetime}",
      booktitle      = "{Proceedings, Spring School on Numerical Relativity and
                        High Energy Physics (NR/HEP2): Lisbon, Portugal, March
                        11-14, 2013}",
      journal        = "Int. J. Mod. Phys.",
      volume         = "A28",
      year           = "2013",
      pages          = "1340020",
      doi            = "10.1142/S0217751X13400204",
      eprint         = "1308.1235",
      archivePrefix  = "arXiv",
      primaryClass   = "gr-qc",
      SLACcitation   = "%%CITATION = ARXIV:1308.1235;%%"
}




%%% contains utf-8, see: https://inspirehep.net/info/faq/general#utf8
%%% add \usepackage[utf8]{inputenc} to your latex preamble

@article{1410.2631,
      author         = "Bizoń, Piotr and Rostworowski, Andrzej",
      title          = "{Comment on “Holographic Thermalization, Stability of
                        Anti–de Sitter Space, and the Fermi-Pasta-Ulam
                        Paradox”}",
      journal        = "Phys. Rev. Lett.",
      volume         = "115",
      year           = "2015",
      number         = "4",
      pages          = "049101",
      doi            = "10.1103/PhysRevLett.115.049101",
      eprint         = "1410.2631",
      archivePrefix  = "arXiv",
      primaryClass   = "gr-qc",
      SLACcitation   = "%%CITATION = ARXIV:1410.2631;%%"
}




%%% contains utf-8, see: https://inspirehep.net/info/faq/general#utf8
%%% add \usepackage[utf8]{inputenc} to your latex preamble

@article{1506.07907,
      author         = "Balasubramanian, Venkat and Buchel, Alex and Green,
                        Stephen R. and Lehner, Luis and Liebling, Steven L.",
      title          = "{Reply to Comment on “Holographic Thermalization,
                        Stability of Anti–de Sitter Space, and the
                        Fermi-Pasta-Ulam Paradox”}",
      journal        = "Phys. Rev. Lett.",
      volume         = "115",
      year           = "2015",
      number         = "4",
      pages          = "049102",
      doi            = "10.1103/PhysRevLett.115.049102",
      eprint         = "1506.07907",
      archivePrefix  = "arXiv",
      primaryClass   = "gr-qc",
      SLACcitation   = "%%CITATION = ARXIV:1506.07907;%%"
}




%%% contains utf-8, see: https://inspirehep.net/info/faq/general#utf8
%%% add \usepackage[utf8]{inputenc} to your latex preamble

@article{1506.03519,
      author         = "Bizoń, Piotr and Maliborski, Maciej and Rostworowski,
                        Andrzej",
      title          = "{Resonant Dynamics and the Instability of Anti–de
                        Sitter Spacetime}",
      journal        = "Phys. Rev. Lett.",
      volume         = "115",
      year           = "2015",
      number         = "8",
      pages          = "081103",
      doi            = "10.1103/PhysRevLett.115.081103",
      eprint         = "1506.03519",
      archivePrefix  = "arXiv",
      primaryClass   = "gr-qc",
      SLACcitation   = "%%CITATION = ARXIV:1506.03519;%%"
}



@article{1606.02712,
      author         = "Deppe, Nils",
      title          = "{On the stability of anti-de Sitter spacetime}",
      year           = "2016",
      eprint         = "1606.02712",
      archivePrefix  = "arXiv",
      primaryClass   = "gr-qc",
      SLACcitation   = "%%CITATION = ARXIV:1606.02712;%%"
}



@article{1607.08094,
      author         = "Dimitrakopoulos, Fotios V. and Freivogel, Ben and
                        Pedraza, Juan F. and Yang, I-Sheng",
      title          = "{Gauge dependence of the AdS instability problem}",
      journal        = "Phys. Rev.",
      volume         = "D94",
      year           = "2016",
      number         = "12",
      pages          = "124008",
      doi            = "10.1103/PhysRevD.94.124008",
      eprint         = "1607.08094",
      archivePrefix  = "arXiv",
      primaryClass   = "hep-th",
      SLACcitation   = "%%CITATION = ARXIV:1607.08094;%%"
}




%%% contains utf-8, see: https://inspirehep.net/info/faq/general#utf8
%%% add \usepackage[utf8]{inputenc} to your latex preamble

@article{1306.0317,
      author         = "Bizoń, Piotr and Jałmużna, Joanna",
      title          = "{Globally regular instability of $AdS_3$}",
      journal        = "Phys. Rev. Lett.",
      volume         = "111",
      year           = "2013",
      number         = "4",
      pages          = "041102",
      doi            = "10.1103/PhysRevLett.111.041102",
      eprint         = "1306.0317",
      archivePrefix  = "arXiv",
      primaryClass   = "gr-qc",
      SLACcitation   = "%%CITATION = ARXIV:1306.0317;%%"
}



@article{1412.6002,
      author         = "da Silva, Emilia and Lopez, Esperanza and Mas, Javier and
                        Serantes, Alexandre",
      title          = "{Collapse and Revival in Holographic Quenches}",
      journal        = "JHEP",
      volume         = "04",
      year           = "2015",
      pages          = "038",
      doi            = "10.1007/JHEP04(2015)038",
      eprint         = "1412.6002",
      archivePrefix  = "arXiv",
      primaryClass   = "hep-th",
      SLACcitation   = "%%CITATION = ARXIV:1412.6002;%%"
}



@article{1608.05402,
      author         = "Deppe, Nils and Kolly, Allison and Frey, Andrew R. and
                        Kunstatter, Gabor",
      title          = "{Black Hole Formation in AdS Einstein-Gauss-Bonnet
                        Gravity}",
      journal        = "JHEP",
      volume         = "10",
      year           = "2016",
      pages          = "087",
      doi            = "10.1007/JHEP10(2016)087",
      eprint         = "1608.05402",
      archivePrefix  = "arXiv",
      primaryClass   = "hep-th",
      SLACcitation   = "%%CITATION = ARXIV:1608.05402;%%"
}



@article{1410.1869,
      author         = "Deppe, Nils and Kolly, Allison and Frey, Andrew and
                        Kunstatter, Gabor",
      title          = "{Stability of AdS in Einstein Gauss Bonnet Gravity}",
      journal        = "Phys. Rev. Lett.",
      volume         = "114",
      year           = "2015",
      pages          = "071102",
      doi            = "10.1103/PhysRevLett.114.071102",
      eprint         = "1410.1869",
      archivePrefix  = "arXiv",
      primaryClass   = "hep-th",
      SLACcitation   = "%%CITATION = ARXIV:1410.1869;%%"
}




%%% contains utf-8, see: https://inspirehep.net/info/faq/general#utf8
%%% add \usepackage[utf8]{inputenc} to your latex preamble

@article{1606.00830,
      author         = "Arias, Raúl and Mas, Javier and Serantes, Alexandre",
      title          = "{Stability of charged global AdS$_{4}$ spacetimes}",
      journal        = "JHEP",
      volume         = "09",
      year           = "2016",
      pages          = "024",
      doi            = "10.1007/JHEP09(2016)024",
      eprint         = "1606.00830",
      archivePrefix  = "arXiv",
      primaryClass   = "hep-th",
      SLACcitation   = "%%CITATION = ARXIV:1606.00830;%%"
}



@article{1504.05203,
      author         = "Okawa, Hirotada and Lopes, Jorge C. and Cardoso, Vitor",
      title          = "{Collapse of massive fields in anti-de Sitter spacetime}",
      year           = "2015",
      eprint         = "1504.05203",
      archivePrefix  = "arXiv",
      primaryClass   = "gr-qc",
      SLACcitation   = "%%CITATION = ARXIV:1504.05203;%%"
}



@article{1508.02709,
      author         = "Deppe, Nils and Frey, Andrew R.",
      title          = "{Classes of Stable Initial Data for Massless and Massive
                        Scalars in Anti-de Sitter Spacetime}",
      journal        = "JHEP",
      volume         = "12",
      year           = "2015",
      pages          = "004",
      doi            = "10.1007/JHEP12(2015)004",
      eprint         = "1508.02709",
      archivePrefix  = "arXiv",
      primaryClass   = "hep-th",
      SLACcitation   = "%%CITATION = ARXIV:1508.02709;%%"
}



@article{hep-th/0202189,
      author         = "Hubeny, Veronika E. and Rangamani, Mukund",
      title          = "{Unstable horizons}",
      journal        = "JHEP",
      volume         = "05",
      year           = "2002",
      pages          = "027",
      doi            = "10.1088/1126-6708/2002/05/027",
      eprint         = "hep-th/0202189",
      archivePrefix  = "arXiv",
      primaryClass   = "hep-th",
      reportNumber   = "SU-ITP-02-08, PUPT-2026",
      SLACcitation   = "%%CITATION = HEP-TH/0202189;%%"
}



@article{1502.01574,
      author         = "Buchel, Alex and Lehner, Luis",
      title          = "{Small black holes in $AdS_5\times S^5$}",
      journal        = "Class. Quant. Grav.",
      volume         = "32",
      year           = "2015",
      number         = "14",
      pages          = "145003",
      doi            = "10.1088/0264-9381/32/14/145003",
      eprint         = "1502.01574",
      archivePrefix  = "arXiv",
      primaryClass   = "hep-th",
      SLACcitation   = "%%CITATION = ARXIV:1502.01574;%%"
}

@article{1509.07780,
      author         = "Buchel, Alex",
      title          = "{Universality of small black hole instability in
                        AdS/CFT}",
      journal        = "Int. J. Mod. Phys.",
      volume         = "D26",
      year           = "2017",
      number         = "13",
      pages          = "1750140",
      doi            = "10.1142/S0218271817501401",
      eprint         = "1509.07780",
      archivePrefix  = "arXiv",
      primaryClass   = "hep-th",
      SLACcitation   = "%%CITATION = ARXIV:1509.07780;%%"
}

@article{1509.00774,
      author         = "Buchel, Alex and Buchel, Michael",
      title          = "{On stability of nonthermal states in strongly coupled
                        gauge theories}",
      year           = "2015",
      eprint         = "1509.00774",
      archivePrefix  = "arXiv",
      primaryClass   = "hep-th",
      reportNumber   = "INT-PUB-15-045",
      SLACcitation   = "%%CITATION = ARXIV:1509.00774;%%"
}

@article{Dimitrakopoulos:2016euh,
      author         = "Dimitrakopoulos, Fotios V. and Freivogel, Ben and
                        Pedraza, Juan F.",
      title          = "{Fast and Slow Coherent Cascades in Anti-de Sitter
                        Spacetime}",
      journal        = "Class. Quant. Grav.",
      volume         = "35",
      year           = "2018",
      number         = "12",
      pages          = "125008",
      doi            = "10.1088/1361-6382/aac0b5",
      eprint         = "1612.04758",
      archivePrefix  = "arXiv",
      primaryClass   = "hep-th",
      SLACcitation   = "%%CITATION = ARXIV:1612.04758;%%"
}

@article{Buchel:2014dba,
      author         = "Buchel, Alex and Green, Stephen R. and Lehner, Luis and
                        Liebling, Steven L.",
      title          = "{Universality of non-equilibrium dynamics of CFTs from
                        holography}",
      year           = "2014",
      eprint         = "1410.5381",
      archivePrefix  = "arXiv",
      primaryClass   = "hep-th",
      SLACcitation   = "%%CITATION = ARXIV:1410.5381;%%"
}

@article{Liebling:2017gfn,
      author         = "Liebling, Steven L. and Khanna, Gaurav",
      title          = "{Scalar collapse in AdS with an OpenCL open source code}",
      journal        = "Class. Quant. Grav.",
      volume         = "34",
      year           = "2017",
      number         = "20",
      pages          = "205012",
      doi            = "10.1088/1361-6382/aa8b43",
      eprint         = "1706.07413",
      archivePrefix  = "arXiv",
      primaryClass   = "gr-qc",
      SLACcitation   = "%%CITATION = ARXIV:1706.07413;%%"
}


@article{Brito:2016xvw,
      author         = "Brito, Richard and Cardoso, Vitor and Rocha, Jorge V.",
      title          = "{Interacting shells in AdS spacetime and chaos}",
      journal        = "Phys. Rev.",
      volume         = "D94",
      year           = "2016",
      number         = "2",
      pages          = "024003",
      doi            = "10.1103/PhysRevD.94.024003",
      eprint         = "1602.03535",
      archivePrefix  = "arXiv",
      primaryClass   = "hep-th",
      SLACcitation   = "%%CITATION = ARXIV:1602.03535;%%"
}

@article{Santos-Olivan:2016djn,
      author         = "Santos-Oliván, Daniel and Sopuerta, Carlos F.",
      title          = "{Moving closer to the collapse of a massless scalar field
                        in spherically symmetric anti–de Sitter spacetimes}",
      journal        = "Phys. Rev.",
      volume         = "D93",
      year           = "2016",
      number         = "10",
      pages          = "104002",
      doi            = "10.1103/PhysRevD.93.104002",
      eprint         = "1603.03613",
      archivePrefix  = "arXiv",
      primaryClass   = "gr-qc",
      SLACcitation   = "%%CITATION = ARXIV:1603.03613;%%"
}

@article{hep-th/9905111,
      author         = "Aharony, Ofer and Gubser, Steven S. and Maldacena, Juan
                        Martin and Ooguri, Hirosi and Oz, Yaron",
      title          = "{Large N field theories, string theory and gravity}",
      journal        = "Phys. Rept.",
      volume         = "323",
      year           = "2000",
      pages          = "183-386",
      doi            = "10.1016/S0370-1573(99)00083-6",
      eprint         = "hep-th/9905111",
      archivePrefix  = "arXiv",
      primaryClass   = "hep-th",
      reportNumber   = "CERN-TH-99-122, HUTP-99-A027, LBNL-43113, RU-99-18,
                        UCB-PTH-99-16, LBL-43113",
      SLACcitation   = "%%CITATION = HEP-TH/9905111;%%"
}

@book{Nastase:2015wjb,
      author         = "Nastase, Horatiu",
      title          = "{Introduction to the ADS/CFT Correspondence}",
      publisher      = "Cambridge University Press",
      year           = "2015",
      url            = "http://www.cambridge.org/academic/subjects/physics/theoretical-physics-and-mathematical-physics/introduction-adscft-correspondence?format=HB&isbn=9781107085855",
      ISBN           = "9781107085855",
      SLACcitation   = "%%CITATION = INSPIRE-1415011;%%"
}

@article{Brady1997,
      author         = "Brady, Patrick R. and Chambers, Chris M. and Goncalves,
                        Sergio M. C. V.",
      title          = "{Phases of massive scalar field collapse}",
      journal        = "Phys. Rev.",
      volume         = "D56",
      year           = "1997",
      pages          = "6057-6061",
      doi            = "10.1103/PhysRevD.56.R6057",
      eprint         = "gr-qc/9709014",
      archivePrefix  = "arXiv",
      primaryClass   = "gr-qc",
      reportNumber   = "GRP-475",
      SLACcitation   = "%%CITATION = GR-QC/9709014;%%"
}

@article{Evnin:2015gma,
      author         = "Evnin, Oleg and Krishnan, Chethan",
      title          = "{A Hidden Symmetry of AdS Resonances}",
      journal        = "Phys. Rev.",
      volume         = "D91",
      year           = "2015",
      number         = "12",
      pages          = "126010",
      doi            = "10.1103/PhysRevD.91.126010",
      eprint         = "1502.03749",
      archivePrefix  = "arXiv",
      primaryClass   = "hep-th",
      SLACcitation   = "%%CITATION = ARXIV:1502.03749;%%"
}

@article{Basu:2014sia,
      author         = "Basu, Pallab and Krishnan, Chethan and Saurabh, Ayush",
      title          = "{A stochasticity threshold in holography and the
                        instability of AdS}",
      journal        = "Int. J. Mod. Phys.",
      volume         = "A30",
      year           = "2015",
      number         = "21",
      pages          = "1550128",
      doi            = "10.1142/S0217751X15501286",
      eprint         = "1408.0624",
      archivePrefix  = "arXiv",
      primaryClass   = "hep-th",
      SLACcitation   = "%%CITATION = ARXIV:1408.0624;%%"
}
