@article{hep-th/9711200,
      author         = "Maldacena, Juan Martin",
      title          = "{The Large N limit of superconformal field theories and
                        supergravity}",
      journal        = "Int. J. Theor. Phys.",
      volume         = "38",
      year           = "1999",
      pages          = "1113-1133",
      doi            = "10.1023/A:1026654312961, 10.4310/ATMP.1998.v2.n2.a1",
      note           = "[Adv. Theor. Math. Phys.2,231(1998)]",
      eprint         = "hep-th/9711200",
      archivePrefix  = "arXiv",
      primaryClass   = "hep-th",
      reportNumber   = "HUTP-97-A097, HUTP-98-A097",
      SLACcitation   = "%%CITATION = HEP-TH/9711200;%%"
}



@article{gr-qc/0602037,
      author         = "Horowitz, Gary T. and Polchinski, Joseph",
      title          = "{Gauge/gravity duality}",
      year           = "2006",
      pages          = "169-186",
      eprint         = "gr-qc/0602037",
      archivePrefix  = "arXiv",
      primaryClass   = "gr-qc",
      SLACcitation   = "%%CITATION = GR-QC/0602037;%%"
}



@article{gr-qc/9310026,
      author         = "'t Hooft, Gerard",
      title          = "{Dimensional reduction in quantum gravity}",
      booktitle      = "{Conference on Highlights of Particle and Condensed
                        Matter Physics (SALAMFEST) Trieste, Italy, March 8-12,
                        1993}",
      journal        = "Conf. Proc.",
      volume         = "C930308",
      year           = "1993",
      pages          = "284-296",
      eprint         = "gr-qc/9310026",
      archivePrefix  = "arXiv",
      primaryClass   = "gr-qc",
      reportNumber   = "THU-93-26",
      SLACcitation   = "%%CITATION = GR-QC/9310026;%%"
}



@article{hep-th/9409089,
      author         = "Susskind, Leonard",
      title          = "{The World as a hologram}",
      journal        = "J. Math. Phys.",
      volume         = "36",
      year           = "1995",
      pages          = "6377-6396",
      doi            = "10.1063/1.531249",
      eprint         = "hep-th/9409089",
      archivePrefix  = "arXiv",
      primaryClass   = "hep-th",
      reportNumber   = "SU-ITP-94-33",
      SLACcitation   = "%%CITATION = HEP-TH/9409089;%%"
}



@article{1501.00007,
      author         = "Hubeny, Veronika E.",
      title          = "{The AdS/CFT Correspondence}",
      journal        = "Class. Quant. Grav.",
      volume         = "32",
      year           = "2015",
      number         = "12",
      pages          = "124010",
      doi            = "10.1088/0264-9381/32/12/124010",
      eprint         = "1501.00007",
      archivePrefix  = "arXiv",
      primaryClass   = "gr-qc",
      SLACcitation   = "%%CITATION = ARXIV:1501.00007;%%"
}



@article{hep-th/9902131,
      author         = "Petersen, Jens Lyng",
      title          = "{Introduction to the Maldacena conjecture on AdS / CFT}",
      booktitle      = "{\#DONE: Int. J. Mod. Phys. A14 (1999) 3597-3672}",
      journal        = "Int. J. Mod. Phys.",
      volume         = "A14",
      year           = "1999",
      pages          = "3597-3672",
      doi            = "10.1142/S0217751X99001676",
      eprint         = "hep-th/9902131",
      archivePrefix  = "arXiv",
      primaryClass   = "hep-th",
      reportNumber   = "NBI-HE-99-05",
      SLACcitation   = "%%CITATION = HEP-TH/9902131;%%"
}



@article{hep-th/9905111,
      author         = "Aharony, Ofer and Gubser, Steven S. and Maldacena, Juan
                        Martin and Ooguri, Hirosi and Oz, Yaron",
      title          = "{Large N field theories, string theory and gravity}",
      journal        = "Phys. Rept.",
      volume         = "323",
      year           = "2000",
      pages          = "183-386",
      doi            = "10.1016/S0370-1573(99)00083-6",
      eprint         = "hep-th/9905111",
      archivePrefix  = "arXiv",
      primaryClass   = "hep-th",
      reportNumber   = "CERN-TH-99-122, HUTP-99-A027, LBNL-43113, RU-99-18,
                        UCB-PTH-99-16, LBL-43113",
      SLACcitation   = "%%CITATION = HEP-TH/9905111;%%"
}



@book{Zwiebach:2004tj,
      author         = "Zwiebach, B.",
      title          = "{A first course in string theory}",
      publisher      = "Cambridge University Press",
      year           = "2006",
      url            = "http://www.cambridge.org/uk/catalogue/catalogue.asp?isbn=0521831431",
      journal        = "Cambridge, UK: Univ. Pr. (2004) 558 p",
      ISBN           = "0521831431, 9780521831437, 9780511207570",
      SLACcitation   = "%%CITATION = INSPIRE-660149;%%"
}



@article{Horowitz:1991cd,
      author         = "Horowitz, Gary T. and Strominger, Andrew",
      title          = "{Black strings and P-branes}",
      journal        = "Nucl. Phys.",
      volume         = "B360",
      year           = "1991",
      pages          = "197-209",
      doi            = "10.1016/0550-3213(91)90440-9",
      reportNumber   = "UCSBTH-91-06",
      SLACcitation   = "%%CITATION = NUPHA,B360,197;%%"
}



@article{hep-th/9905104,
      author         = "Klebanov, Igor R. and Witten, Edward",
      title          = "{AdS / CFT correspondence and symmetry breaking}",
      journal        = "Nucl. Phys.",
      volume         = "B556",
      year           = "1999",
      pages          = "89-114",
      doi            = "10.1016/S0550-3213(99)00387-9",
      eprint         = "hep-th/9905104",
      archivePrefix  = "arXiv",
      primaryClass   = "hep-th",
      reportNumber   = "PUPT-1863, IASSNS-HEP-99-49",
      SLACcitation   = "%%CITATION = HEP-TH/9905104;%%"
}



@article{hep-th/9803002,
      author         = "Maldacena, Juan Martin",
      title          = "{Wilson loops in large N field theories}",
      journal        = "Phys. Rev. Lett.",
      volume         = "80",
      year           = "1998",
      pages          = "4859-4862",
      doi            = "10.1103/PhysRevLett.80.4859",
      eprint         = "hep-th/9803002",
      archivePrefix  = "arXiv",
      primaryClass   = "hep-th",
      reportNumber   = "HUTP-98-A014",
      SLACcitation   = "%%CITATION = HEP-TH/9803002;%%"
}



@article{hep-th/0603001,
      author         = "Ryu, Shinsei and Takayanagi, Tadashi",
      title          = "{Holographic derivation of entanglement entropy from
                        AdS/CFT}",
      journal        = "Phys. Rev. Lett.",
      volume         = "96",
      year           = "2006",
      pages          = "181602",
      doi            = "10.1103/PhysRevLett.96.181602",
      eprint         = "hep-th/0603001",
      archivePrefix  = "arXiv",
      primaryClass   = "hep-th",
      reportNumber   = "NSF-KITP-06-11",
      SLACcitation   = "%%CITATION = HEP-TH/0603001;%%"
}



@article{1304.4926,
      author         = "Lewkowycz, Aitor and Maldacena, Juan",
      title          = "{Generalized gravitational entropy}",
      journal        = "JHEP",
      volume         = "08",
      year           = "2013",
      pages          = "090",
      doi            = "10.1007/JHEP08(2013)090",
      eprint         = "1304.4926",
      archivePrefix  = "arXiv",
      primaryClass   = "hep-th",
      SLACcitation   = "%%CITATION = ARXIV:1304.4926;%%"
}



@article{hep-th/9802109,
      author         = "Gubser, S. S. and Klebanov, Igor R. and Polyakov,
                        Alexander M.",
      title          = "{Gauge theory correlators from noncritical string
                        theory}",
      journal        = "Phys. Lett.",
      volume         = "B428",
      year           = "1998",
      pages          = "105-114",
      doi            = "10.1016/S0370-2693(98)00377-3",
      eprint         = "hep-th/9802109",
      archivePrefix  = "arXiv",
      primaryClass   = "hep-th",
      reportNumber   = "PUPT-1767",
      SLACcitation   = "%%CITATION = HEP-TH/9802109;%%"
}



@article{hep-th/9802150,
      author         = "Witten, Edward",
      title          = "{Anti-de Sitter space and holography}",
      journal        = "Adv. Theor. Math. Phys.",
      volume         = "2",
      year           = "1998",
      pages          = "253-291",
      doi            = "10.4310/ATMP.1998.v2.n2.a2",
      eprint         = "hep-th/9802150",
      archivePrefix  = "arXiv",
      primaryClass   = "hep-th",
      reportNumber   = "IASSNS-HEP-98-15",
      SLACcitation   = "%%CITATION = HEP-TH/9802150;%%"
}



@article{Breitenlohner:1982bm,
      author         = "Breitenlohner, Peter and Freedman, Daniel Z.",
      title          = "{Positive Energy in anti-De Sitter Backgrounds and Gauged
                        Extended Supergravity}",
      journal        = "Phys. Lett.",
      volume         = "115B",
      year           = "1982",
      pages          = "197-201",
      doi            = "10.1016/0370-2693(82)90643-8",
      reportNumber   = "PRINT-82-0420 (MIT)",
      SLACcitation   = "%%CITATION = PHLTA,115B,197;%%"
}



@article{Bekenstein:1973ur,
      author         = "Bekenstein, Jacob D.",
      title          = "{Black holes and entropy}",
      journal        = "Phys. Rev.",
      volume         = "D7",
      year           = "1973",
      pages          = "2333-2346",
      doi            = "10.1103/PhysRevD.7.2333",
      SLACcitation   = "%%CITATION = PHRVA,D7,2333;%%"
}


@misc{Jacobson1996,
	Author = {Jacobson, Ted},
	Institution = {University of Utrecht, Institute for Theoretical Physics},
	Title = {{Introductory lectures on black hole thermodynamics}},
	Year = {1996}}


@article{Bardeen:1973gs,
      author         = "Bardeen, James M. and Carter, B. and Hawking, S. W.",
      title          = "{The Four laws of black hole mechanics}",
      journal        = "Commun. Math. Phys.",
      volume         = "31",
      year           = "1973",
      pages          = "161-170",
      doi            = "10.1007/BF01645742",
      SLACcitation   = "%%CITATION = CMPHA,31,161;%%"
}



@article{Hawking:1982dh,
      author         = "Hawking, S. W. and Page, Don N.",
      title          = "{Thermodynamics of Black Holes in anti-De Sitter Space}",
      journal        = "Commun. Math. Phys.",
      volume         = "87",
      year           = "1983",
      pages          = "577",
      doi            = "10.1007/BF01208266",
      reportNumber   = "PRINT-83-0019 (CAMBRIDGE)",
      SLACcitation   = "%%CITATION = CMPHA,87,577;%%"
}



@article{Hawking:1974rv,
      author         = "Hawking, S. W.",
      title          = "{Black hole explosions}",
      journal        = "Nature",
      volume         = "248",
      year           = "1974",
      pages          = "30-31",
      doi            = "10.1038/248030a0",
      SLACcitation   = "%%CITATION = NATUA,248,30;%%"
}



@article{Hawking:1974sw,
      author         = "Hawking, S. W.",
      title          = "{Particle Creation by Black Holes}",
      booktitle      = "{Euclidean quantum gravity}",
      journal        = "Commun. Math. Phys.",
      volume         = "43",
      year           = "1975",
      pages          = "199-220",
      doi            = "10.1007/BF02345020, 10.1007/BF01608497",
      note           = "[,167(1975)]",
      SLACcitation   = "%%CITATION = CMPHA,43,199;%%"
}



@book{Carroll:2004st,
      author         = "Carroll, Sean M.",
      title          = "{Spacetime and Geometry}",
      publisher      = "Cambridge University Press",
      year           = "2019",
      url            = "http://www.slac.stanford.edu/spires/find/books/www?cl=QC6:C37:2004",
      journal        = "San Francisco, USA: Addison-Wesley (2004) 513 p",
      ISBN           = "0805387323, 9780805387322, 9781108488396, 9781108775557",
      SLACcitation   = "%%CITATION = INSPIRE-650093;%%"
}


@misc{Schellekens,
	Author = {Schellekens, A. N.},
	Institution = {Nikhef, National Institute for Subatomic Physics},
	Title = {{Conformal Field Theory}},
	Url = {https://www.nikhef.nl/en/},
	Year = {2016},
	Bdsk-Url-1 = {https://www.nikhef.nl/en/}}


@article{Dziarmaga2010,
	Author = {Jacek Dziarmaga},
	Doi = {10.1080/00018732.2010.514702},
	Eprint = {http://dx.doi.org/10.1080/00018732.2010.514702},
	Journal = {Advances in Physics},
	Number = {6},
	Pages = {1063-1189},
	Title = {Dynamics of a quantum phase transition and relaxation to a steady state},
	Url = {http://dx.doi.org/10.1080/00018732.2010.514702},
	Volume = {59},
	Year = {2010},
	Bdsk-Url-1 = {http://dx.doi.org/10.1080/00018732.2010.514702}}


@article{2011arXiv1106.3567L,
	Archiveprefix = {arXiv},
	Author = {{Lamacraft}, A. and {Moore}, J.},
	Eprint = {1106.3567},
	Journal = {ArXiv e-prints},
	Month = {jun},
	Note = {Provided by the SAO/NASA Astrophysics Data System},
	Primaryclass = {cond-mat.quant-gas},
	Title = {{Potential insights into non-equilibrium behavior from atomic physics}},
	Url = {http://adsabs.harvard.edu/abs/2011arXiv1106.3567L},
	Year = {2011},
	Bdsk-Url-1 = {http://adsabs.harvard.edu/abs/2011arXiv1106.3567L}}


@article{1706.02438,
      author         = "Myers, Robert C. and Rozali, Moshe and Way, Benson",
      title          = "{Holographic Quenches in a Confined Phase}",
      journal        = "J. Phys.",
      volume         = "A50",
      year           = "2017",
      number         = "49",
      pages          = "494002",
      doi            = "10.1088/1751-8121/aa927c",
      eprint         = "1706.02438",
      archivePrefix  = "arXiv",
      primaryClass   = "hep-th",
      SLACcitation   = "%%CITATION = ARXIV:1706.02438;%%"
}



@article{1704.05454,
      author         = "Bosch, Pablo and Buchel, Alex and Lehner, Luis",
      title          = "{Unstable horizons and singularity development in
                        holography}",
      journal        = "JHEP",
      volume         = "07",
      year           = "2017",
      pages          = "135",
      doi            = "10.1007/JHEP07(2017)135",
      eprint         = "1704.05454",
      archivePrefix  = "arXiv",
      primaryClass   = "hep-th",
      SLACcitation   = "%%CITATION = ARXIV:1704.05454;%%"
}



@article{1410.6201,
      author         = "Buchel, Alex and Myers, Robert C. and van Niekerk, Anton",
      title          = "{Nonlocal probes of thermalization in holographic
                        quenches with spectral methods}",
      journal        = "JHEP",
      volume         = "02",
      year           = "2015",
      pages          = "017",
      doi            = "10.1007/JHEP07(2015)137, 10.1007/JHEP02(2015)017",
      note           = "[Erratum: JHEP07,137(2015)]",
      eprint         = "1410.6201",
      archivePrefix  = "arXiv",
      primaryClass   = "hep-th",
      SLACcitation   = "%%CITATION = ARXIV:1410.6201;%%"
}



@article{1412.6002,
      author         = "da Silva, Emilia and Lopez, Esperanza and Mas, Javier and
                        Serantes, Alexandre",
      title          = "{Collapse and Revival in Holographic Quenches}",
      journal        = "JHEP",
      volume         = "04",
      year           = "2015",
      pages          = "038",
      doi            = "10.1007/JHEP04(2015)038",
      eprint         = "1412.6002",
      archivePrefix  = "arXiv",
      primaryClass   = "hep-th",
      SLACcitation   = "%%CITATION = ARXIV:1412.6002;%%"
}



@article{1508.02709,
      author         = "Deppe, Nils and Frey, Andrew R.",
      title          = "{Classes of Stable Initial Data for Massless and Massive
                        Scalars in Anti-de Sitter Spacetime}",
      journal        = "JHEP",
      volume         = "12",
      year           = "2015",
      pages          = "004",
      doi            = "10.1007/JHEP12(2015)004",
      eprint         = "1508.02709",
      archivePrefix  = "arXiv",
      primaryClass   = "hep-th",
      SLACcitation   = "%%CITATION = ARXIV:1508.02709;%%"
}



@article{1210.1566,
      author         = "Kunstatter, Gabor and Maeda, Hideki and Taves, Tim",
      title          = "{Hamiltonian dynamics of Lovelock black holes with
                        spherical symmetry}",
      journal        = "Class. Quant. Grav.",
      volume         = "30",
      year           = "2013",
      pages          = "065002",
      doi            = "10.1088/0264-9381/30/6/065002",
      eprint         = "1210.1566",
      archivePrefix  = "arXiv",
      primaryClass   = "gr-qc",
      reportNumber   = "CECS-PHY-12-08",
      SLACcitation   = "%%CITATION = ARXIV:1210.1566;%%"
}

@article{1506.07907,
	Archiveprefix = {arXiv},
	Author = {Balasubramanian, Venkat and Buchel, Alex and Green, Stephen R. and Lehner, Luis and Liebling, Steven L.},
	Doi = {10.1103/PhysRevLett.115.049102},
	Eprint = {1506.07907},
	Journal = {Phys. Rev. Lett.},
	Number = {4},
	Pages = {049102},
	Primaryclass = {gr-qc},
	Slaccitation = {%%CITATION = ARXIV:1506.07907;%%},
	Title = {{Reply to Comment on ``Holographic Thermalization, Stability of Anti-de Sitter Space, and the Fermi-Pasta-Ulam Paradox''}},
	Volume = {115},
	Year = {2015},
	Bdsk-Url-1 = {http://dx.doi.org/10.1103/PhysRevLett.115.049102}}



@article{1407.6273,
      author         = "Craps, Ben and Evnin, Oleg and Vanhoof, Joris",
      title          = "{Renormalization group, secular term resummation and AdS
                        (in)stability}",
      journal        = "JHEP",
      volume         = "10",
      year           = "2014",
      pages          = "048",
      doi            = "10.1007/JHEP10(2014)048",
      eprint         = "1407.6273",
      archivePrefix  = "arXiv",
      primaryClass   = "gr-qc",
      SLACcitation   = "%%CITATION = ARXIV:1407.6273;%%"
}



@article{hep-th/9506161,
      author         = "Chen, Lin-Yuan and Goldenfeld, Nigel and Oono, Y.",
      title          = "{The Renormalization group and singular perturbations:
                        Multiple scales, boundary layers and reductive
                        perturbation theory}",
      journal        = "Phys. Rev.",
      volume         = "E54",
      year           = "1996",
      pages          = "376-394",
      doi            = "10.1103/PhysRevE.54.376",
      eprint         = "hep-th/9506161",
      archivePrefix  = "arXiv",
      primaryClass   = "hep-th",
      SLACcitation   = "%%CITATION = HEP-TH/9506161;%%"
}



@article{1403.6471,
	Archiveprefix = {arXiv},
	Author = {Balasubramanian, Venkat and Buchel, Alex and Green, Stephen R. and Lehner, Luis and Liebling, Steven L.},
	Doi = {10.1103/PhysRevLett.113.071601},
	Eprint = {1403.6471},
	Journal = {Phys. Rev. Lett.},
	Number = {7},
	Pages = {071601},
	Primaryclass = {hep-th},
	Reportnumber = {UWO-TH-14-2},
	Slaccitation = {%%CITATION = ARXIV:1403.6471;%%},
	Title = {{Holographic Thermalization, Stability of Anti--de Sitter Space, and the Fermi-Pasta-Ulam Paradox}},
	Volume = {113},
	Year = {2014},
	Bdsk-Url-1 = {http://dx.doi.org/10.1103/PhysRevLett.113.071601}}


@article{1701.09100,
	Archiveprefix = {arXiv},
	Author = {Martinon, Gr\'egoire and Fodor, Gyula and Grandcl\'ement, Philippe and Forg\`acs, P\'eter},
	Doi = {10.1088/1361-6382/aa6f48},
	Eprint = {1701.09100},
	Journal = {Class. Quant. Grav.},
	Number = {12},
	Pages = {125012},
	Primaryclass = {gr-qc},
	Slaccitation = {%%CITATION = ARXIV:1701.09100;%%},
	Title = {{Gravitational geons in asymptotically anti-de Sitter spacetimes}},
	Volume = {34},
	Year = {2017},
	Bdsk-Url-1 = {http://dx.doi.org/10.1088/1361-6382/aa6f48}}


@article{hep-ph/9503217,
      author         = "Copeland, Edmund J. and Gleiser, M. and Muller, H. -R.",
      title          = "{Oscillons: Resonant configurations during bubble
                        collapse}",
      journal        = "Phys. Rev.",
      volume         = "D52",
      year           = "1995",
      pages          = "1920-1933",
      doi            = "10.1103/PhysRevD.52.1920",
      eprint         = "hep-ph/9503217",
      archivePrefix  = "arXiv",
      primaryClass   = "hep-ph",
      reportNumber   = "SUSX-TH-95-3-3, FERMILAB-PUB-95-021-A, DART-HEP-95-01",
      SLACcitation   = "%%CITATION = HEP-PH/9503217;%%"
}



@article{gr-qc/0310006,
      author         = "Page, Don N.",
      title          = "{Classical and quantum decay of oscillatons: Oscillating
                        selfgravitating real scalar field solitons}",
      journal        = "Phys. Rev.",
      volume         = "D70",
      year           = "2004",
      pages          = "023002",
      doi            = "10.1103/PhysRevD.70.023002",
      eprint         = "gr-qc/0310006",
      archivePrefix  = "arXiv",
      primaryClass   = "gr-qc",
      reportNumber   = "ALBERTA-THY-10-03",
      SLACcitation   = "%%CITATION = GR-QC/0310006;%%"
}



@article{Wheeler:1955zz,
      author         = "Wheeler, J. A.",
      title          = "{Geons}",
      journal        = "Phys. Rev.",
      volume         = "97",
      year           = "1955",
      pages          = "511-536",
      doi            = "10.1103/PhysRev.97.511",
      SLACcitation   = "%%CITATION = PHRVA,97,511;%%"
}



@article{1109.1825,
      author         = "Dias, Oscar J. C. and Horowitz, Gary T. and Santos, Jorge
                        E.",
      title          = "{Gravitational Turbulent Instability of Anti-de Sitter
                        Space}",
      journal        = "Class. Quant. Grav.",
      volume         = "29",
      year           = "2012",
      pages          = "194002",
      doi            = "10.1088/0264-9381/29/19/194002",
      eprint         = "1109.1825",
      archivePrefix  = "arXiv",
      primaryClass   = "hep-th",
      SLACcitation   = "%%CITATION = ARXIV:1109.1825;%%"
}



@article{1408.5906,
      author         = "Horowitz, Gary T. and Santos, Jorge E.",
      title          = "{Geons and the Instability of Anti-de Sitter Spacetime}",
      journal        = "Surveys Diff. Geom.",
      volume         = "20",
      year           = "2015",
      pages          = "321-335",
      doi            = "10.4310/SDG.2015.v20.n1.a13",
      eprint         = "1408.5906",
      archivePrefix  = "arXiv",
      primaryClass   = "gr-qc",
      SLACcitation   = "%%CITATION = ARXIV:1408.5906;%%"
}

@article{1701.07804,
	Archiveprefix = {arXiv},
	Author = {Rostworowski, Andrzej},
	Doi = {10.1103/PhysRevD.95.124043},
	Eprint = {1701.07804},
	Journal = {Phys. Rev.},
	Number = {12},
	Pages = {124043},
	Primaryclass = {gr-qc},
	Reportnumber = {CERN-TH-2017-023},
	Slaccitation = {%%CITATION = ARXIV:1701.07804;%%},
	Title = {{Higher order perturbations of Anti-de Sitter space and time-periodic solutions of vacuum Einstein equations}},
	Volume = {D95},
	Year = {2017},
	Bdsk-Url-1 = {http://dx.doi.org/10.1103/PhysRevD.95.124043}}

@article{1503.07746,
	Archiveprefix = {arXiv},
	Author = {Fodor, Gyula and Forg\'acs, P\'eter and Grandcl\'ement, Philippe},
	Doi = {10.1103/PhysRevD.92.025036},
	Eprint = {1503.07746},
	Journal = {Phys. Rev.},
	Number = {2},
	Pages = {025036},
	Primaryclass = {gr-qc},
	Slaccitation = {%%CITATION = ARXIV:1503.07746;%%},
	Title = {{Self-gravitating scalar breathers with negative cosmological constant}},
	Volume = {D92},
	Year = {2015},
	Bdsk-Url-1 = {http://dx.doi.org/10.1103/PhysRevD.92.025036}}


@article{1304.4166,
      author         = "Buchel, Alex and Liebling, Steven L. and Lehner, Luis",
      title          = "{Boson stars in AdS spacetime}",
      journal        = "Phys. Rev.",
      volume         = "D87",
      year           = "2013",
      number         = "12",
      pages          = "123006",
      doi            = "10.1103/PhysRevD.87.123006",
      eprint         = "1304.4166",
      archivePrefix  = "arXiv",
      primaryClass   = "gr-qc",
      reportNumber   = "UWO-TH-13-5",
      SLACcitation   = "%%CITATION = ARXIV:1304.4166;%%"
}



@article{1209.2378,
      author         = "Hu, Sanle and Liu, James T. and Pando Zayas, Leopoldo A.",
      title          = "{Charged Boson Stars in AdS and a Zero Temperature Phase
                        Transition}",
      year           = "2012",
      eprint         = "1209.2378",
      archivePrefix  = "arXiv",
      primaryClass   = "hep-th",
      SLACcitation   = "%%CITATION = ARXIV:1209.2378;%%"
}



@article{1301.2452,
      author         = "Brihaye, Yves and Hartmann, Betti and Tojiev, Sardor",
      title          = "{Stability of charged solitons and formation of boson
                        stars in 5-dimensional Anti-de Sitter space-time}",
      journal        = "Class. Quant. Grav.",
      volume         = "30",
      year           = "2013",
      pages          = "115009",
      doi            = "10.1088/0264-9381/30/11/115009",
      eprint         = "1301.2452",
      archivePrefix  = "arXiv",
      primaryClass   = "hep-th",
      SLACcitation   = "%%CITATION = ARXIV:1301.2452;%%"
}



@article{1509.00774,
      author         = "Buchel, Alex and Buchel, Michael",
      title          = "{On stability of nonthermal states in strongly coupled
                        gauge theories}",
      year           = "2015",
      eprint         = "1509.00774",
      archivePrefix  = "arXiv",
      primaryClass   = "hep-th",
      reportNumber   = "INT-PUB-15-045",
      SLACcitation   = "%%CITATION = ARXIV:1509.00774;%%"
}


@article{1303.3186,
	Archiveprefix = {arXiv},
	Author = {Maliborski, Maciej and Rostworowski, Andrzej},
	Doi = {10.1103/PhysRevLett.111.051102},
	Eprint = {1303.3186},
	Journal = {Phys. Rev. Lett.},
	Pages = {051102},
	Primaryclass = {gr-qc},
	Slaccitation = {%%CITATION = ARXIV:1303.3186;%%},
	Title = {{Time-Periodic Solutions in an Einstein AdS-Massless-Scalar-Field System}},
	Volume = {111},
	Year = {2013},
	Bdsk-Url-1 = {http://dx.doi.org/10.1103/PhysRevLett.111.051102}}




@article{1106.2339,
      author         = "Garfinkle, David and Pando Zayas, Leopoldo A.",
      title          = "{Rapid Thermalization in Field Theory from Gravitational
                        Collapse}",
      journal        = "Phys. Rev.",
      volume         = "D84",
      year           = "2011",
      pages          = "066006",
      doi            = "10.1103/PhysRevD.84.066006",
      eprint         = "1106.2339",
      archivePrefix  = "arXiv",
      primaryClass   = "hep-th",
      reportNumber   = "MCTP-11-23",
      SLACcitation   = "%%CITATION = ARXIV:1106.2339;%%"
}



@article{1108.4539,
      author         = "Jalmuzna, Joanna and Rostworowski, Andrzej and Bizon,
                        Piotr",
      title          = "{A Comment on AdS collapse of a scalar field in higher
                        dimensions}",
      journal        = "Phys. Rev.",
      volume         = "D84",
      year           = "2011",
      pages          = "085021",
      doi            = "10.1103/PhysRevD.84.085021",
      eprint         = "1108.4539",
      archivePrefix  = "arXiv",
      primaryClass   = "gr-qc",
      SLACcitation   = "%%CITATION = ARXIV:1108.4539;%%"
}



@article{1208.5772,
      author         = "Dias, Oscar J. C. and Horowitz, Gary T. and Marolf, Don
                        and Santos, Jorge E.",
      title          = "{On the Nonlinear Stability of Asymptotically Anti-de
                        Sitter Solutions}",
      journal        = "Class. Quant. Grav.",
      volume         = "29",
      year           = "2012",
      pages          = "235019",
      doi            = "10.1088/0264-9381/29/23/235019",
      eprint         = "1208.5772",
      archivePrefix  = "arXiv",
      primaryClass   = "gr-qc",
      SLACcitation   = "%%CITATION = ARXIV:1208.5772;%%"
}



@article{Choptuik:1992jv,
      author         = "Choptuik, Matthew W.",
      title          = "{Universality and scaling in gravitational collapse of a
                        massless scalar field}",
      journal        = "Phys. Rev. Lett.",
      volume         = "70",
      year           = "1993",
      pages          = "9-12",
      doi            = "10.1103/PhysRevLett.70.9",
      reportNumber   = "FPRINT-92-33",
      SLACcitation   = "%%CITATION = PRLTA,70,9;%%"
}



@article{1210.0890,
      author         = "Buchel, Alex and Lehner, Luis and Liebling, Steven L.",
      title          = "{Scalar Collapse in AdS}",
      journal        = "Phys. Rev.",
      volume         = "D86",
      year           = "2012",
      pages          = "123011",
      doi            = "10.1103/PhysRevD.86.123011",
      eprint         = "1210.0890",
      archivePrefix  = "arXiv",
      primaryClass   = "gr-qc",
      reportNumber   = "UWO-TH-12-10",
      SLACcitation   = "%%CITATION = ARXIV:1210.0890;%%"
}



@article{1208.2934,
      author         = "Maliborski, Maciej",
      title          = "{Instability of Flat Space Enclosed in a Cavity}",
      journal        = "Phys. Rev. Lett.",
      volume         = "109",
      year           = "2012",
      pages          = "221101",
      doi            = "10.1103/PhysRevLett.109.221101",
      eprint         = "1208.2934",
      archivePrefix  = "arXiv",
      primaryClass   = "gr-qc",
      SLACcitation   = "%%CITATION = ARXIV:1208.2934;%%"
}



@article{1104.3702,
      author         = "Bizon, Piotr and Rostworowski, Andrzej",
      title          = "{On weakly turbulent instability of anti-de Sitter
                        space}",
      journal        = "Phys. Rev. Lett.",
      volume         = "107",
      year           = "2011",
      pages          = "031102",
      doi            = "10.1103/PhysRevLett.107.031102",
      eprint         = "1104.3702",
      archivePrefix  = "arXiv",
      primaryClass   = "gr-qc",
      SLACcitation   = "%%CITATION = ARXIV:1104.3702;%%"
}



@article{1110.5823,
      author         = "Garfinkle, David and Pando Zayas, Leopoldo A. and
                        Reichmann, Dori",
      title          = "{On Field Theory Thermalization from Gravitational
                        Collapse}",
      journal        = "JHEP",
      volume         = "02",
      year           = "2012",
      pages          = "119",
      doi            = "10.1007/JHEP02(2012)119",
      eprint         = "1110.5823",
      archivePrefix  = "arXiv",
      primaryClass   = "hep-th",
      reportNumber   = "MCTP-11-37",
      SLACcitation   = "%%CITATION = ARXIV:1110.5823;%%"
}



@article{1507.08261,
      author         = "Green, Stephen R. and Maillard, Antoine and Lehner, Luis
                        and Liebling, Steven L.",
      title          = "{Islands of stability and recurrence times in AdS}",
      journal        = "Phys. Rev.",
      volume         = "D92",
      year           = "2015",
      number         = "8",
      pages          = "084001",
      doi            = "10.1103/PhysRevD.92.084001",
      eprint         = "1507.08261",
      archivePrefix  = "arXiv",
      primaryClass   = "gr-qc",
      SLACcitation   = "%%CITATION = ARXIV:1507.08261;%%"
}



@article{TTF,
	Author = {Cownden, Brad and Deppe, Nils and Frey, Andrew R.},
	Journal = {{\rm (2020)}},
	Title = {{\rm In preparation}}}

@article{1706.07413,
      author         = "Liebling, Steven L. and Khanna, Gaurav",
      title          = "{Scalar collapse in AdS with an OpenCL open source code}",
      journal        = "Class. Quant. Grav.",
      volume         = "34",
      year           = "2017",
      number         = "20",
      pages          = "205012",
      doi            = "10.1088/1361-6382/aa8b43",
      eprint         = "1706.07413",
      archivePrefix  = "arXiv",
      primaryClass   = "gr-qc",
      SLACcitation   = "%%CITATION = ARXIV:1706.07413;%%"
}



@article{1912.07143,
      author         = "Cownden, Brad",
      title          = "{Examining Instabilities Due to Driven Scalars in AdS}",
      year           = "2019",
      eprint         = "1912.07143",
      archivePrefix  = "arXiv",
      primaryClass   = "hep-th",
      SLACcitation   = "%%CITATION = ARXIV:1912.07143;%%"
}



@article{1410.2631,
	Archiveprefix = {arXiv},
	Author = {Bizo\'n, Piotr and Rostworowski, Andrzej},
	Doi = {10.1103/PhysRevLett.115.049101},
	Eprint = {1410.2631},
	Journal = {Phys. Rev. Lett.},
	Number = {4},
	Pages = {049101},
	Primaryclass = {gr-qc},
	Slaccitation = {%%CITATION = ARXIV:1410.2631;%%},
	Title = {{Comment on ``Holographic Thermalization, Stability of Anti-de Sitter Space, and the Fermi-Pasta-Ulam Paradox''}},
	Volume = {115},
	Year = {2015},
	Bdsk-Url-1 = {http://dx.doi.org/10.1103/PhysRevLett.115.049101}}

